{
  "as_of": "2026-02-28T00:01:55.250763+00:00",
  "prices": {
    "BTCUSDT": 65867.37,
    "ETHUSDT": 1930.01,
    "SOLUSDT": 81.86
  },
  "positions": [],
  "trades": [
    {
      "id": 12,
      "symbol": "BTCUSDT",
      "side": "SELL",
      "qty": 0.06058880752538608,
      "price": 65861.91,
      "ts": 1772236610
    },
    {
      "id": 11,
      "symbol": "BTCUSDT",
      "side": "BUY",
      "qty": 0.06058880752538608,
      "price": 65897.9,
      "ts": 1772236300
    },
    {
      "id": 10,
      "symbol": "SOLUSDT",
      "side": "SELL",
      "qty": 48.706604282176535,
      "price": 81.91,
      "ts": 1772235700
    },
    {
      "id": 9,
      "symbol": "SOLUSDT",
      "side": "BUY",
      "qty": 48.706604282176535,
      "price": 81.99,
      "ts": 1772235372
    },
    {
      "id": 8,
      "symbol": "ETHUSDT",
      "side": "SELL",
      "qty": 2.073507138374704,
      "price": 1923.63,
      "ts": 1772234151
    },
    {
      "id": 7,
      "symbol": "ETHUSDT",
      "side": "BUY",
      "qty": 2.073507138374704,
      "price": 1926.52,
      "ts": 1772233851
    },
    {
      "id": 6,
      "symbol": "BTCUSDT",
      "side": "SELL",
      "qty": 0.04879743301103645,
      "price": 65308.51,
      "ts": 1772231962
    },
    {
      "id": 5,
      "symbol": "ETHUSDT",
      "side": "SELL",
      "qty": 1.7411267613998993,
      "price": 1921.06,
      "ts": 1772229755
    },
    {
      "id": 4,
      "symbol": "ETHUSDT",
      "side": "BUY",
      "qty": 1.7411267613998993,
      "price": 1930.01,
      "ts": 1772227208
    },
    {
      "id": 3,
      "symbol": "SOLUSDT",
      "side": "SELL",
      "qty": 49.00759617740749,
      "price": 81.66,
      "ts": 1772226892
    },
    {
      "id": 2,
      "symbol": "BTCUSDT",
      "side": "BUY",
      "qty": 0.04879743301103645,
      "price": 65577.22,
      "ts": 1772226891
    },
    {
      "id": 1,
      "symbol": "SOLUSDT",
      "side": "BUY",
      "qty": 49.00759617740749,
      "price": 81.62,
      "ts": 1772226290
    }
  ],
  "equity": [
    {
      "ts": 1772222708,
      "equity": 20000.0,
      "cash": 20000.0
    },
    {
      "ts": 1772222867,
      "equity": 20000.0,
      "cash": 20000.0
    },
    {
      "ts": 1772223173,
      "equity": 20000.0,
      "cash": 20000.0
    },
    {
      "ts": 1772223480,
      "equity": 20000.0,
      "cash": 20000.0
    },
    {
      "ts": 1772223795,
      "equity": 20000.0,
      "cash": 20000.0
    },
    {
      "ts": 1772224110,
      "equity": 20000.0,
      "cash": 20000.0
    },
    {
      "ts": 1772224426,
      "equity": 20000.0,
      "cash": 20000.0
    },
    {
      "ts": 1772224740,
      "equity": 20000.0,
      "cash": 20000.0
    },
    {
      "ts": 1772225038,
      "equity": 20000.0,
      "cash": 20000.0
    },
    {
      "ts": 1772225341,
      "equity": 20000.0,
      "cash": 20000.0
    },
    {
      "ts": 1772225650,
      "equity": 20000.0,
      "cash": 20000.0
    },
    {
      "ts": 1772225973,
      "equity": 20000.0,
      "cash": 20000.0
    },
    {
      "ts": 1772226290,
      "equity": 20000.0,
      "cash": 16000.0
    },
    {
      "ts": 1772226592,
      "equity": 20004.90075961774,
      "cash": 16000.0
    },
    {
      "ts": 1772226892,
      "equity": 20001.960303847096,
      "cash": 16801.960303847096
    },
    {
      "ts": 1772227209,
      "equity": 20007.254825328793,
      "cash": 13441.568243077676
    },
    {
      "ts": 1772227532,
      "equity": 20013.591490676386,
      "cash": 13441.568243077676
    },
    {
      "ts": 1772227852,
      "equity": 20007.950808608544,
      "cash": 13441.568243077676
    },
    {
      "ts": 1772228170,
      "equity": 19997.015822208734,
      "cash": 13441.568243077676
    },
    {
      "ts": 1772228495,
      "equity": 19997.732344883127,
      "cash": 13441.568243077676
    },
    {
      "ts": 1772228811,
      "equity": 19996.34374629742,
      "cash": 13441.568243077676
    },
    {
      "ts": 1772229112,
      "equity": 19993.10189297573,
      "cash": 13441.568243077676
    },
    {
      "ts": 1772229441,
      "equity": 19977.88833384747,
      "cash": 13441.568243077676
    },
    {
      "ts": 1772229756,
      "equity": 19984.566834567857,
      "cash": 16786.377219332568
    },
    {
      "ts": 1772230071,
      "equity": 19981.017309290633,
      "cash": 16786.377219332568
    },
    {
      "ts": 1772230372,
      "equity": 19983.975409679762,
      "cash": 16786.377219332568
    },
    {
      "ts": 1772230689,
      "equity": 19987.43905147489,
      "cash": 16786.377219332568
    },
    {
      "ts": 1772230992,
      "equity": 19980.20336810801,
      "cash": 16786.377219332568
    },
    {
      "ts": 1772231332,
      "equity": 19980.02184165721,
      "cash": 16786.377219332568
    },
    {
      "ts": 1772231632,
      "equity": 19978.74042106634,
      "cash": 16786.377219332568
    },
    {
      "ts": 1772231964,
      "equity": 19973.26486110817,
      "cash": 19973.26486110817
    },
    {
      "ts": 1772232273,
      "equity": 19973.26486110817,
      "cash": 19973.26486110817
    },
    {
      "ts": 1772232592,
      "equity": 19973.26486110817,
      "cash": 19973.26486110817
    },
    {
      "ts": 1772232903,
      "equity": 19973.26486110817,
      "cash": 19973.26486110817
    },
    {
      "ts": 1772233210,
      "equity": 19973.26486110817,
      "cash": 19973.26486110817
    },
    {
      "ts": 1772233532,
      "equity": 19973.26486110817,
      "cash": 19973.26486110817
    },
    {
      "ts": 1772233852,
      "equity": 19973.26486110817,
      "cash": 15978.611888886537
    },
    {
      "ts": 1772234153,
      "equity": 19967.27242547827,
      "cash": 19967.27242547827
    },
    {
      "ts": 1772234462,
      "equity": 19967.27242547827,
      "cash": 19967.27242547827
    },
    {
      "ts": 1772234769,
      "equity": 19967.27242547827,
      "cash": 19967.27242547827
    },
    {
      "ts": 1772235070,
      "equity": 19967.27242547827,
      "cash": 19967.27242547827
    },
    {
      "ts": 1772235372,
      "equity": 19967.27242547827,
      "cash": 15973.817940382616
    },
    {
      "ts": 1772235700,
      "equity": 19963.375897135695,
      "cash": 19963.375897135695
    },
    {
      "ts": 1772236002,
      "equity": 19963.375897135695,
      "cash": 19963.375897135695
    },
    {
      "ts": 1772236302,
      "equity": 19963.375897135695,
      "cash": 15970.700717708556
    },
    {
      "ts": 1772236612,
      "equity": 19961.195305952857,
      "cash": 19961.195305952857
    },
    {
      "ts": 1772236915,
      "equity": 19961.195305952857,
      "cash": 19961.195305952857
    }
  ]
}