{
  "as_of": "2026-03-01T21:15:16.652545+00:00",
  "prices": {
    "BTCUSDT": 65531.02,
    "ETHUSDT": 1923.5,
    "SOLUSDT": 82.53
  },
  "positions": [],
  "trades": [
    {
      "id": 66,
      "symbol": "BTCUSDT",
      "side": "SELL",
      "qty": 0.048017061864040846,
      "price": 66100.95,
      "ts": 1772384391
    },
    {
      "id": 65,
      "symbol": "SOLUSDT",
      "side": "SELL",
      "qty": 29.84488063961369,
      "price": 84.19,
      "ts": 1772384092
    },
    {
      "id": 64,
      "symbol": "ETHUSDT",
      "side": "SELL",
      "qty": 1.4260530804953018,
      "price": 1970.8,
      "ts": 1772384091
    },
    {
      "id": 63,
      "symbol": "ETHUSDT",
      "side": "BUY",
      "qty": 1.4260530804953018,
      "price": 2010.99,
      "ts": 1772378407
    },
    {
      "id": 62,
      "symbol": "ETHUSDT",
      "side": "SELL",
      "qty": 2.0049557903761324,
      "price": 2018.32,
      "ts": 1772374643
    },
    {
      "id": 61,
      "symbol": "SOLUSDT",
      "side": "BUY",
      "qty": 29.84488063961369,
      "price": 86.27,
      "ts": 1772374329
    },
    {
      "id": 60,
      "symbol": "BTCUSDT",
      "side": "BUY",
      "qty": 0.048017061864040846,
      "price": 67042.88,
      "ts": 1772374326
    },
    {
      "id": 59,
      "symbol": "ETHUSDT",
      "side": "BUY",
      "qty": 2.0049557903761324,
      "price": 2007.53,
      "ts": 1772373699
    },
    {
      "id": 58,
      "symbol": "SOLUSDT",
      "side": "SELL",
      "qty": 29.499997005266035,
      "price": 86.51,
      "ts": 1772346987
    },
    {
      "id": 57,
      "symbol": "ETHUSDT",
      "side": "SELL",
      "qty": 1.5939122969976642,
      "price": 2000.84,
      "ts": 1772346686
    },
    {
      "id": 56,
      "symbol": "BTCUSDT",
      "side": "SELL",
      "qty": 0.059903768996606675,
      "price": 66977.2,
      "ts": 1772345454
    },
    {
      "id": 55,
      "symbol": "SOLUSDT",
      "side": "BUY",
      "qty": 29.499997005266035,
      "price": 88.0,
      "ts": 1772333789
    },
    {
      "id": 54,
      "symbol": "ETHUSDT",
      "side": "BUY",
      "qty": 1.5939122969976642,
      "price": 2036.38,
      "ts": 1772333788
    },
    {
      "id": 53,
      "symbol": "BTCUSDT",
      "side": "BUY",
      "qty": 0.059903768996606675,
      "price": 67746.63,
      "ts": 1772331626
    },
    {
      "id": 52,
      "symbol": "SOLUSDT",
      "side": "SELL",
      "qty": 30.524681304494642,
      "price": 86.96,
      "ts": 1772330048
    },
    {
      "id": 51,
      "symbol": "ETHUSDT",
      "side": "SELL",
      "qty": 1.4382258432404893,
      "price": 2009.24,
      "ts": 1772330047
    },
    {
      "id": 50,
      "symbol": "BTCUSDT",
      "side": "SELL",
      "qty": 0.05272632918885342,
      "price": 66153.75,
      "ts": 1772327841
    },
    {
      "id": 49,
      "symbol": "ETHUSDT",
      "side": "BUY",
      "qty": 1.4382258432404893,
      "price": 1959.19,
      "ts": 1772321922
    },
    {
      "id": 48,
      "symbol": "BTCUSDT",
      "side": "BUY",
      "qty": 0.05272632918885342,
      "price": 66818.19,
      "ts": 1772321921
    },
    {
      "id": 47,
      "symbol": "ETHUSDT",
      "side": "SELL",
      "qty": 1.6490856755171626,
      "price": 1976.78,
      "ts": 1772318161
    },
    {
      "id": 46,
      "symbol": "BTCUSDT",
      "side": "SELL",
      "qty": 0.06042539405016403,
      "price": 67477.93,
      "ts": 1772318160
    },
    {
      "id": 45,
      "symbol": "SOLUSDT",
      "side": "BUY",
      "qty": 30.524681304494642,
      "price": 84.26,
      "ts": 1772314132
    },
    {
      "id": 44,
      "symbol": "ETHUSDT",
      "side": "BUY",
      "qty": 1.6490856755171626,
      "price": 1950.06,
      "ts": 1772314131
    },
    {
      "id": 43,
      "symbol": "BTCUSDT",
      "side": "BUY",
      "qty": 0.06042539405016403,
      "price": 66541.15,
      "ts": 1772313818
    },
    {
      "id": 42,
      "symbol": "SOLUSDT",
      "side": "SELL",
      "qty": 48.48199442654716,
      "price": 83.54,
      "ts": 1772310412
    },
    {
      "id": 41,
      "symbol": "ETHUSDT",
      "side": "SELL",
      "qty": 1.6453615319291854,
      "price": 1964.61,
      "ts": 1772310411
    },
    {
      "id": 40,
      "symbol": "BTCUSDT",
      "side": "SELL",
      "qty": 0.03857513246325081,
      "price": 66933.76,
      "ts": 1772310101
    },
    {
      "id": 39,
      "symbol": "BTCUSDT",
      "side": "BUY",
      "qty": 0.03857513246325081,
      "price": 66439.47,
      "ts": 1772308549
    },
    {
      "id": 38,
      "symbol": "ETHUSDT",
      "side": "BUY",
      "qty": 1.6453615319291854,
      "price": 1947.56,
      "ts": 1772307941
    },
    {
      "id": 37,
      "symbol": "SOLUSDT",
      "side": "BUY",
      "qty": 48.48199442654716,
      "price": 82.64,
      "ts": 1772307622
    },
    {
      "id": 36,
      "symbol": "BTCUSDT",
      "side": "SELL",
      "qty": 0.049365976502508464,
      "price": 65865.95,
      "ts": 1772304830
    },
    {
      "id": 35,
      "symbol": "SOLUSDT",
      "side": "SELL",
      "qty": 49.024854550296425,
      "price": 82.26,
      "ts": 1772303889
    },
    {
      "id": 34,
      "symbol": "ETHUSDT",
      "side": "SELL",
      "qty": 1.3415615440760762,
      "price": 1927.86,
      "ts": 1772303888
    },
    {
      "id": 33,
      "symbol": "ETHUSDT",
      "side": "BUY",
      "qty": 1.3415615440760762,
      "price": 1896.02,
      "ts": 1772293281
    },
    {
      "id": 32,
      "symbol": "BTCUSDT",
      "side": "BUY",
      "qty": 0.049365976502508464,
      "price": 64423.51,
      "ts": 1772290512
    },
    {
      "id": 31,
      "symbol": "SOLUSDT",
      "side": "BUY",
      "qty": 49.024854550296425,
      "price": 81.11,
      "ts": 1772289904
    },
    {
      "id": 30,
      "symbol": "ETHUSDT",
      "side": "SELL",
      "qty": 2.094259535751295,
      "price": 1908.27,
      "ts": 1772289591
    },
    {
      "id": 29,
      "symbol": "ETHUSDT",
      "side": "BUY",
      "qty": 2.094259535751295,
      "price": 1897.28,
      "ts": 1772287388
    },
    {
      "id": 28,
      "symbol": "BTCUSDT",
      "side": "SELL",
      "qty": 0.061968075374024524,
      "price": 64777.2,
      "ts": 1772286757
    },
    {
      "id": 27,
      "symbol": "SOLUSDT",
      "side": "SELL",
      "qty": 40.04445699950953,
      "price": 78.78,
      "ts": 1772285829
    },
    {
      "id": 26,
      "symbol": "SOLUSDT",
      "side": "BUY",
      "qty": 40.04445699950953,
      "price": 79.34,
      "ts": 1772284598
    },
    {
      "id": 25,
      "symbol": "BTCUSDT",
      "side": "BUY",
      "qty": 0.061968075374024524,
      "price": 64104.01,
      "ts": 1772284596
    },
    {
      "id": 24,
      "symbol": "ETHUSDT",
      "side": "SELL",
      "qty": 2.1264636821969445,
      "price": 1865.37,
      "ts": 1772283008
    },
    {
      "id": 23,
      "symbol": "ETHUSDT",
      "side": "BUY",
      "qty": 2.1264636821969445,
      "price": 1869.69,
      "ts": 1772281761
    },
    {
      "id": 22,
      "symbol": "SOLUSDT",
      "side": "SELL",
      "qty": 50.15909652853248,
      "price": 78.88,
      "ts": 1772280546
    },
    {
      "id": 21,
      "symbol": "SOLUSDT",
      "side": "BUY",
      "qty": 50.15909652853248,
      "price": 79.4,
      "ts": 1772278429
    },
    {
      "id": 20,
      "symbol": "BTCUSDT",
      "side": "SELL",
      "qty": 0.050880650606436054,
      "price": 65753.32,
      "ts": 1772251900
    },
    {
      "id": 19,
      "symbol": "SOLUSDT",
      "side": "SELL",
      "qty": 38.905972091027614,
      "price": 81.75,
      "ts": 1772250952
    },
    {
      "id": 18,
      "symbol": "BTCUSDT",
      "side": "BUY",
      "qty": 0.050880650606436054,
      "price": 65825.13,
      "ts": 1772250950
    },
    {
      "id": 17,
      "symbol": "ETHUSDT",
      "side": "SELL",
      "qty": 2.0659699754657836,
      "price": 1923.23,
      "ts": 1772250004
    },
    {
      "id": 16,
      "symbol": "BTCUSDT",
      "side": "SELL",
      "qty": 0.038743510343579465,
      "price": 65988.68,
      "ts": 1772247134
    },
    {
      "id": 15,
      "symbol": "BTCUSDT",
      "side": "BUY",
      "qty": 0.038743510343579465,
      "price": 65947.38,
      "ts": 1772240365
    },
    {
      "id": 14,
      "symbol": "SOLUSDT",
      "side": "BUY",
      "qty": 38.905972091027614,
      "price": 82.09,
      "ts": 1772239432
    },
    {
      "id": 13,
      "symbol": "ETHUSDT",
      "side": "BUY",
      "qty": 2.0659699754657836,
      "price": 1932.38,
      "ts": 1772237860
    },
    {
      "id": 12,
      "symbol": "BTCUSDT",
      "side": "SELL",
      "qty": 0.06058880752538608,
      "price": 65861.91,
      "ts": 1772236610
    },
    {
      "id": 11,
      "symbol": "BTCUSDT",
      "side": "BUY",
      "qty": 0.06058880752538608,
      "price": 65897.9,
      "ts": 1772236300
    },
    {
      "id": 10,
      "symbol": "SOLUSDT",
      "side": "SELL",
      "qty": 48.706604282176535,
      "price": 81.91,
      "ts": 1772235700
    },
    {
      "id": 9,
      "symbol": "SOLUSDT",
      "side": "BUY",
      "qty": 48.706604282176535,
      "price": 81.99,
      "ts": 1772235372
    },
    {
      "id": 8,
      "symbol": "ETHUSDT",
      "side": "SELL",
      "qty": 2.073507138374704,
      "price": 1923.63,
      "ts": 1772234151
    },
    {
      "id": 7,
      "symbol": "ETHUSDT",
      "side": "BUY",
      "qty": 2.073507138374704,
      "price": 1926.52,
      "ts": 1772233851
    },
    {
      "id": 6,
      "symbol": "BTCUSDT",
      "side": "SELL",
      "qty": 0.04879743301103645,
      "price": 65308.51,
      "ts": 1772231962
    },
    {
      "id": 5,
      "symbol": "ETHUSDT",
      "side": "SELL",
      "qty": 1.7411267613998993,
      "price": 1921.06,
      "ts": 1772229755
    },
    {
      "id": 4,
      "symbol": "ETHUSDT",
      "side": "BUY",
      "qty": 1.7411267613998993,
      "price": 1930.01,
      "ts": 1772227208
    },
    {
      "id": 3,
      "symbol": "SOLUSDT",
      "side": "SELL",
      "qty": 49.00759617740749,
      "price": 81.66,
      "ts": 1772226892
    },
    {
      "id": 2,
      "symbol": "BTCUSDT",
      "side": "BUY",
      "qty": 0.04879743301103645,
      "price": 65577.22,
      "ts": 1772226891
    },
    {
      "id": 1,
      "symbol": "SOLUSDT",
      "side": "BUY",
      "qty": 49.00759617740749,
      "price": 81.62,
      "ts": 1772226290
    }
  ],
  "equity": [
    {
      "ts": 1772222708,
      "equity": 20000.0,
      "cash": 20000.0
    },
    {
      "ts": 1772222867,
      "equity": 20000.0,
      "cash": 20000.0
    },
    {
      "ts": 1772223173,
      "equity": 20000.0,
      "cash": 20000.0
    },
    {
      "ts": 1772223480,
      "equity": 20000.0,
      "cash": 20000.0
    },
    {
      "ts": 1772223795,
      "equity": 20000.0,
      "cash": 20000.0
    },
    {
      "ts": 1772224110,
      "equity": 20000.0,
      "cash": 20000.0
    },
    {
      "ts": 1772224426,
      "equity": 20000.0,
      "cash": 20000.0
    },
    {
      "ts": 1772224740,
      "equity": 20000.0,
      "cash": 20000.0
    },
    {
      "ts": 1772225038,
      "equity": 20000.0,
      "cash": 20000.0
    },
    {
      "ts": 1772225341,
      "equity": 20000.0,
      "cash": 20000.0
    },
    {
      "ts": 1772225650,
      "equity": 20000.0,
      "cash": 20000.0
    },
    {
      "ts": 1772225973,
      "equity": 20000.0,
      "cash": 20000.0
    },
    {
      "ts": 1772226290,
      "equity": 20000.0,
      "cash": 16000.0
    },
    {
      "ts": 1772226592,
      "equity": 20004.90075961774,
      "cash": 16000.0
    },
    {
      "ts": 1772226892,
      "equity": 20001.960303847096,
      "cash": 16801.960303847096
    },
    {
      "ts": 1772227209,
      "equity": 20007.254825328793,
      "cash": 13441.568243077676
    },
    {
      "ts": 1772227532,
      "equity": 20013.591490676386,
      "cash": 13441.568243077676
    },
    {
      "ts": 1772227852,
      "equity": 20007.950808608544,
      "cash": 13441.568243077676
    },
    {
      "ts": 1772228170,
      "equity": 19997.015822208734,
      "cash": 13441.568243077676
    },
    {
      "ts": 1772228495,
      "equity": 19997.732344883127,
      "cash": 13441.568243077676
    },
    {
      "ts": 1772228811,
      "equity": 19996.34374629742,
      "cash": 13441.568243077676
    },
    {
      "ts": 1772229112,
      "equity": 19993.10189297573,
      "cash": 13441.568243077676
    },
    {
      "ts": 1772229441,
      "equity": 19977.88833384747,
      "cash": 13441.568243077676
    },
    {
      "ts": 1772229756,
      "equity": 19984.566834567857,
      "cash": 16786.377219332568
    },
    {
      "ts": 1772230071,
      "equity": 19981.017309290633,
      "cash": 16786.377219332568
    },
    {
      "ts": 1772230372,
      "equity": 19983.975409679762,
      "cash": 16786.377219332568
    },
    {
      "ts": 1772230689,
      "equity": 19987.43905147489,
      "cash": 16786.377219332568
    },
    {
      "ts": 1772230992,
      "equity": 19980.20336810801,
      "cash": 16786.377219332568
    },
    {
      "ts": 1772231332,
      "equity": 19980.02184165721,
      "cash": 16786.377219332568
    },
    {
      "ts": 1772231632,
      "equity": 19978.74042106634,
      "cash": 16786.377219332568
    },
    {
      "ts": 1772231964,
      "equity": 19973.26486110817,
      "cash": 19973.26486110817
    },
    {
      "ts": 1772232273,
      "equity": 19973.26486110817,
      "cash": 19973.26486110817
    },
    {
      "ts": 1772232592,
      "equity": 19973.26486110817,
      "cash": 19973.26486110817
    },
    {
      "ts": 1772232903,
      "equity": 19973.26486110817,
      "cash": 19973.26486110817
    },
    {
      "ts": 1772233210,
      "equity": 19973.26486110817,
      "cash": 19973.26486110817
    },
    {
      "ts": 1772233532,
      "equity": 19973.26486110817,
      "cash": 19973.26486110817
    },
    {
      "ts": 1772233852,
      "equity": 19973.26486110817,
      "cash": 15978.611888886537
    },
    {
      "ts": 1772234153,
      "equity": 19967.27242547827,
      "cash": 19967.27242547827
    },
    {
      "ts": 1772234462,
      "equity": 19967.27242547827,
      "cash": 19967.27242547827
    },
    {
      "ts": 1772234769,
      "equity": 19967.27242547827,
      "cash": 19967.27242547827
    },
    {
      "ts": 1772235070,
      "equity": 19967.27242547827,
      "cash": 19967.27242547827
    },
    {
      "ts": 1772235372,
      "equity": 19967.27242547827,
      "cash": 15973.817940382616
    },
    {
      "ts": 1772235700,
      "equity": 19963.375897135695,
      "cash": 19963.375897135695
    },
    {
      "ts": 1772236002,
      "equity": 19963.375897135695,
      "cash": 19963.375897135695
    },
    {
      "ts": 1772236302,
      "equity": 19963.375897135695,
      "cash": 15970.700717708556
    },
    {
      "ts": 1772236612,
      "equity": 19961.195305952857,
      "cash": 19961.195305952857
    },
    {
      "ts": 1772236915,
      "equity": 19961.195305952857,
      "cash": 19961.195305952857
    },
    {
      "ts": 1772237231,
      "equity": 19961.195305952857,
      "cash": 19961.195305952857
    },
    {
      "ts": 1772237545,
      "equity": 19961.195305952857,
      "cash": 19961.195305952857
    },
    {
      "ts": 1772237861,
      "equity": 19961.195305952857,
      "cash": 15968.956244762285
    },
    {
      "ts": 1772238172,
      "equity": 19953.571876743386,
      "cash": 15968.956244762285
    },
    {
      "ts": 1772238472,
      "equity": 19945.886468434655,
      "cash": 15968.956244762285
    },
    {
      "ts": 1772238807,
      "equity": 19952.78680815271,
      "cash": 15968.956244762285
    },
    {
      "ts": 1772239108,
      "equity": 19952.12569776056,
      "cash": 15968.956244762285
    },
    {
      "ts": 1772239432,
      "equity": 19962.37290883887,
      "cash": 12775.164995809828
    },
    {
      "ts": 1772239753,
      "equity": 19959.81129381611,
      "cash": 12775.164995809828
    },
    {
      "ts": 1772240067,
      "equity": 19959.398099821017,
      "cash": 12775.164995809828
    },
    {
      "ts": 1772240368,
      "equity": 19960.695998584317,
      "cash": 10220.131996647862
    },
    {
      "ts": 1772240672,
      "equity": 19975.991838482412,
      "cash": 10220.131996647862
    },
    {
      "ts": 1772240973,
      "equity": 19952.219880898665,
      "cash": 10220.131996647862
    },
    {
      "ts": 1772241282,
      "equity": 19954.73210348846,
      "cash": 10220.131996647862
    },
    {
      "ts": 1772241592,
      "equity": 19961.907657766737,
      "cash": 10220.131996647862
    },
    {
      "ts": 1772241908,
      "equity": 19966.94435151555,
      "cash": 10220.131996647862
    },
    {
      "ts": 1772242210,
      "equity": 19939.59767652661,
      "cash": 10220.131996647862
    },
    {
      "ts": 1772242512,
      "equity": 19931.612010749082,
      "cash": 10220.131996647862
    },
    {
      "ts": 1772242813,
      "equity": 19943.086243961865,
      "cash": 10220.131996647862
    },
    {
      "ts": 1772243130,
      "equity": 19925.180975627685,
      "cash": 10220.131996647862
    },
    {
      "ts": 1772243430,
      "equity": 19944.101087079933,
      "cash": 10220.131996647862
    },
    {
      "ts": 1772243752,
      "equity": 19938.442560130246,
      "cash": 10220.131996647862
    },
    {
      "ts": 1772244075,
      "equity": 19928.882658757306,
      "cash": 10220.131996647862
    },
    {
      "ts": 1772244391,
      "equity": 19932.90405015616,
      "cash": 10220.131996647862
    },
    {
      "ts": 1772244702,
      "equity": 19944.28158517276,
      "cash": 10220.131996647862
    },
    {
      "ts": 1772245012,
      "equity": 19943.868326249736,
      "cash": 10220.131996647862
    },
    {
      "ts": 1772245313,
      "equity": 19957.43155359326,
      "cash": 10220.131996647862
    },
    {
      "ts": 1772245614,
      "equity": 19953.548990996904,
      "cash": 10220.131996647862
    },
    {
      "ts": 1772245921,
      "equity": 19957.35757269886,
      "cash": 10220.131996647862
    },
    {
      "ts": 1772246221,
      "equity": 19956.34456354781,
      "cash": 10220.131996647862
    },
    {
      "ts": 1772246529,
      "equity": 19956.150835478806,
      "cash": 10220.131996647862
    },
    {
      "ts": 1772246833,
      "equity": 19957.93580227467,
      "cash": 10220.131996647862
    },
    {
      "ts": 1772247136,
      "equity": 19963.476995275134,
      "cash": 12776.765102787018
    },
    {
      "ts": 1772247452,
      "equity": 19961.393840174343,
      "cash": 12776.765102787018
    },
    {
      "ts": 1772247651,
      "equity": 19958.656523830257,
      "cash": 12776.765102787018
    },
    {
      "ts": 1772247708,
      "equity": 19955.6954253633,
      "cash": 12776.765102787018
    },
    {
      "ts": 1772247814,
      "equity": 19951.787455282058,
      "cash": 12776.765102787018
    },
    {
      "ts": 1772248127,
      "equity": 19949.508126907003,
      "cash": 12776.765102787018
    },
    {
      "ts": 1772248433,
      "equity": 19953.863848980807,
      "cash": 12776.765102787018
    },
    {
      "ts": 1772248758,
      "equity": 19956.614875875788,
      "cash": 12776.765102787018
    },
    {
      "ts": 1772249073,
      "equity": 19957.78205503852,
      "cash": 12776.765102787018
    },
    {
      "ts": 1772249388,
      "equity": 19948.612998415512,
      "cash": 12776.765102787018
    },
    {
      "ts": 1772249692,
      "equity": 19938.345503131073,
      "cash": 12776.765102787018
    },
    {
      "ts": 1772250007,
      "equity": 19922.799824498565,
      "cash": 16746.12720326616
    },
    {
      "ts": 1772250333,
      "equity": 19922.799824498565,
      "cash": 16746.12720326616
    },
    {
      "ts": 1772250642,
      "equity": 19925.91230226585,
      "cash": 16746.12720326616
    },
    {
      "ts": 1772250952,
      "equity": 19920.160633048577,
      "cash": 16570.935192395344
    },
    {
      "ts": 1772251272,
      "equity": 19918.74716857473,
      "cash": 16570.935192395344
    },
    {
      "ts": 1772251593,
      "equity": 19917.433430176072,
      "cash": 16570.935192395344
    },
    {
      "ts": 1772251902,
      "equity": 19913.161321827396,
      "cash": 19913.161321827396
    },
    {
      "ts": 1772252212,
      "equity": 19913.161321827396,
      "cash": 19913.161321827396
    },
    {
      "ts": 1772252529,
      "equity": 19913.161321827396,
      "cash": 19913.161321827396
    },
    {
      "ts": 1772252854,
      "equity": 19913.161321827396,
      "cash": 19913.161321827396
    },
    {
      "ts": 1772253171,
      "equity": 19913.161321827396,
      "cash": 19913.161321827396
    },
    {
      "ts": 1772253472,
      "equity": 19913.161321827396,
      "cash": 19913.161321827396
    },
    {
      "ts": 1772253800,
      "equity": 19913.161321827396,
      "cash": 19913.161321827396
    },
    {
      "ts": 1772254115,
      "equity": 19913.161321827396,
      "cash": 19913.161321827396
    },
    {
      "ts": 1772254431,
      "equity": 19913.161321827396,
      "cash": 19913.161321827396
    },
    {
      "ts": 1772254733,
      "equity": 19913.161321827396,
      "cash": 19913.161321827396
    },
    {
      "ts": 1772255049,
      "equity": 19913.161321827396,
      "cash": 19913.161321827396
    },
    {
      "ts": 1772255366,
      "equity": 19913.161321827396,
      "cash": 19913.161321827396
    },
    {
      "ts": 1772255692,
      "equity": 19913.161321827396,
      "cash": 19913.161321827396
    },
    {
      "ts": 1772255993,
      "equity": 19913.161321827396,
      "cash": 19913.161321827396
    },
    {
      "ts": 1772256310,
      "equity": 19913.161321827396,
      "cash": 19913.161321827396
    },
    {
      "ts": 1772256610,
      "equity": 19913.161321827396,
      "cash": 19913.161321827396
    },
    {
      "ts": 1772256920,
      "equity": 19913.161321827396,
      "cash": 19913.161321827396
    },
    {
      "ts": 1772257222,
      "equity": 19913.161321827396,
      "cash": 19913.161321827396
    },
    {
      "ts": 1772257538,
      "equity": 19913.161321827396,
      "cash": 19913.161321827396
    },
    {
      "ts": 1772257852,
      "equity": 19913.161321827396,
      "cash": 19913.161321827396
    },
    {
      "ts": 1772258169,
      "equity": 19913.161321827396,
      "cash": 19913.161321827396
    },
    {
      "ts": 1772258483,
      "equity": 19913.161321827396,
      "cash": 19913.161321827396
    },
    {
      "ts": 1772258799,
      "equity": 19913.161321827396,
      "cash": 19913.161321827396
    },
    {
      "ts": 1772259112,
      "equity": 19913.161321827396,
      "cash": 19913.161321827396
    },
    {
      "ts": 1772259429,
      "equity": 19913.161321827396,
      "cash": 19913.161321827396
    },
    {
      "ts": 1772259732,
      "equity": 19913.161321827396,
      "cash": 19913.161321827396
    },
    {
      "ts": 1772260059,
      "equity": 19913.161321827396,
      "cash": 19913.161321827396
    },
    {
      "ts": 1772260372,
      "equity": 19913.161321827396,
      "cash": 19913.161321827396
    },
    {
      "ts": 1772260689,
      "equity": 19913.161321827396,
      "cash": 19913.161321827396
    },
    {
      "ts": 1772261005,
      "equity": 19913.161321827396,
      "cash": 19913.161321827396
    },
    {
      "ts": 1772261319,
      "equity": 19913.161321827396,
      "cash": 19913.161321827396
    },
    {
      "ts": 1772261632,
      "equity": 19913.161321827396,
      "cash": 19913.161321827396
    },
    {
      "ts": 1772261950,
      "equity": 19913.161321827396,
      "cash": 19913.161321827396
    },
    {
      "ts": 1772262264,
      "equity": 19913.161321827396,
      "cash": 19913.161321827396
    },
    {
      "ts": 1772262581,
      "equity": 19913.161321827396,
      "cash": 19913.161321827396
    },
    {
      "ts": 1772262892,
      "equity": 19913.161321827396,
      "cash": 19913.161321827396
    },
    {
      "ts": 1772263193,
      "equity": 19913.161321827396,
      "cash": 19913.161321827396
    },
    {
      "ts": 1772263497,
      "equity": 19913.161321827396,
      "cash": 19913.161321827396
    },
    {
      "ts": 1772263796,
      "equity": 19913.161321827396,
      "cash": 19913.161321827396
    },
    {
      "ts": 1772264111,
      "equity": 19913.161321827396,
      "cash": 19913.161321827396
    },
    {
      "ts": 1772264427,
      "equity": 19913.161321827396,
      "cash": 19913.161321827396
    },
    {
      "ts": 1772264742,
      "equity": 19913.161321827396,
      "cash": 19913.161321827396
    },
    {
      "ts": 1772265042,
      "equity": 19913.161321827396,
      "cash": 19913.161321827396
    },
    {
      "ts": 1772265352,
      "equity": 19913.161321827396,
      "cash": 19913.161321827396
    },
    {
      "ts": 1772265660,
      "equity": 19913.161321827396,
      "cash": 19913.161321827396
    },
    {
      "ts": 1772265957,
      "equity": 19913.161321827396,
      "cash": 19913.161321827396
    },
    {
      "ts": 1772266272,
      "equity": 19913.161321827396,
      "cash": 19913.161321827396
    },
    {
      "ts": 1772266582,
      "equity": 19913.161321827396,
      "cash": 19913.161321827396
    },
    {
      "ts": 1772266903,
      "equity": 19913.161321827396,
      "cash": 19913.161321827396
    },
    {
      "ts": 1772267213,
      "equity": 19913.161321827396,
      "cash": 19913.161321827396
    },
    {
      "ts": 1772267529,
      "equity": 19913.161321827396,
      "cash": 19913.161321827396
    },
    {
      "ts": 1772267849,
      "equity": 19913.161321827396,
      "cash": 19913.161321827396
    },
    {
      "ts": 1772268163,
      "equity": 19913.161321827396,
      "cash": 19913.161321827396
    },
    {
      "ts": 1772268473,
      "equity": 19913.161321827396,
      "cash": 19913.161321827396
    },
    {
      "ts": 1772268793,
      "equity": 19913.161321827396,
      "cash": 19913.161321827396
    },
    {
      "ts": 1772269109,
      "equity": 19913.161321827396,
      "cash": 19913.161321827396
    },
    {
      "ts": 1772269422,
      "equity": 19913.161321827396,
      "cash": 19913.161321827396
    },
    {
      "ts": 1772269733,
      "equity": 19913.161321827396,
      "cash": 19913.161321827396
    },
    {
      "ts": 1772270032,
      "equity": 19913.161321827396,
      "cash": 19913.161321827396
    },
    {
      "ts": 1772270340,
      "equity": 19913.161321827396,
      "cash": 19913.161321827396
    },
    {
      "ts": 1772270639,
      "equity": 19913.161321827396,
      "cash": 19913.161321827396
    },
    {
      "ts": 1772270956,
      "equity": 19913.161321827396,
      "cash": 19913.161321827396
    },
    {
      "ts": 1772271262,
      "equity": 19913.161321827396,
      "cash": 19913.161321827396
    },
    {
      "ts": 1772271586,
      "equity": 19913.161321827396,
      "cash": 19913.161321827396
    },
    {
      "ts": 1772271893,
      "equity": 19913.161321827396,
      "cash": 19913.161321827396
    },
    {
      "ts": 1772272212,
      "equity": 19913.161321827396,
      "cash": 19913.161321827396
    },
    {
      "ts": 1772272522,
      "equity": 19913.161321827396,
      "cash": 19913.161321827396
    },
    {
      "ts": 1772272845,
      "equity": 19913.161321827396,
      "cash": 19913.161321827396
    },
    {
      "ts": 1772273153,
      "equity": 19913.161321827396,
      "cash": 19913.161321827396
    },
    {
      "ts": 1772273476,
      "equity": 19913.161321827396,
      "cash": 19913.161321827396
    },
    {
      "ts": 1772273792,
      "equity": 19913.161321827396,
      "cash": 19913.161321827396
    },
    {
      "ts": 1772274106,
      "equity": 19913.161321827396,
      "cash": 19913.161321827396
    },
    {
      "ts": 1772274412,
      "equity": 19913.161321827396,
      "cash": 19913.161321827396
    },
    {
      "ts": 1772274728,
      "equity": 19913.161321827396,
      "cash": 19913.161321827396
    },
    {
      "ts": 1772275052,
      "equity": 19913.161321827396,
      "cash": 19913.161321827396
    },
    {
      "ts": 1772275353,
      "equity": 19913.161321827396,
      "cash": 19913.161321827396
    },
    {
      "ts": 1772275672,
      "equity": 19913.161321827396,
      "cash": 19913.161321827396
    },
    {
      "ts": 1772275972,
      "equity": 19913.161321827396,
      "cash": 19913.161321827396
    },
    {
      "ts": 1772276283,
      "equity": 19913.161321827396,
      "cash": 19913.161321827396
    },
    {
      "ts": 1772276583,
      "equity": 19913.161321827396,
      "cash": 19913.161321827396
    },
    {
      "ts": 1772276888,
      "equity": 19913.161321827396,
      "cash": 19913.161321827396
    },
    {
      "ts": 1772277192,
      "equity": 19913.161321827396,
      "cash": 19913.161321827396
    },
    {
      "ts": 1772277499,
      "equity": 19913.161321827396,
      "cash": 19913.161321827396
    },
    {
      "ts": 1772277799,
      "equity": 19913.161321827396,
      "cash": 19913.161321827396
    },
    {
      "ts": 1772278102,
      "equity": 19913.161321827396,
      "cash": 19913.161321827396
    },
    {
      "ts": 1772278429,
      "equity": 19909.178689563032,
      "cash": 15926.546425197552
    },
    {
      "ts": 1772278731,
      "equity": 19894.13096060447,
      "cash": 15926.546425197552
    },
    {
      "ts": 1772279029,
      "equity": 19888.111869021046,
      "cash": 15926.546425197552
    },
    {
      "ts": 1772279330,
      "equity": 19889.11505095162,
      "cash": 15926.546425197552
    },
    {
      "ts": 1772279632,
      "equity": 19892.626187708614,
      "cash": 15926.546425197552
    },
    {
      "ts": 1772279942,
      "equity": 19876.0736858542,
      "cash": 15926.546425197552
    },
    {
      "ts": 1772280246,
      "equity": 19878.08004971534,
      "cash": 15926.546425197552
    },
    {
      "ts": 1772280546,
      "equity": 19879.139409834024,
      "cash": 19879.139409834024
    },
    {
      "ts": 1772280847,
      "equity": 19879.139409834024,
      "cash": 19879.139409834024
    },
    {
      "ts": 1772281152,
      "equity": 19879.139409834024,
      "cash": 19879.139409834024
    },
    {
      "ts": 1772281462,
      "equity": 19879.139409834024,
      "cash": 19879.139409834024
    },
    {
      "ts": 1772281763,
      "equity": 19875.16358195206,
      "cash": 15899.335699985253
    },
    {
      "ts": 1772282062,
      "equity": 19873.845174469097,
      "cash": 15899.335699985253
    },
    {
      "ts": 1772282391,
      "equity": 19873.696322011343,
      "cash": 15899.335699985253
    },
    {
      "ts": 1772282693,
      "equity": 19874.546907484222,
      "cash": 15899.335699985253
    },
    {
      "ts": 1772283009,
      "equity": 19862.01061728611,
      "cash": 19862.01061728611
    },
    {
      "ts": 1772283337,
      "equity": 19862.01061728611,
      "cash": 19862.01061728611
    },
    {
      "ts": 1772283652,
      "equity": 19862.01061728611,
      "cash": 19862.01061728611
    },
    {
      "ts": 1772283969,
      "equity": 19862.01061728611,
      "cash": 19862.01061728611
    },
    {
      "ts": 1772284286,
      "equity": 19862.01061728611,
      "cash": 19862.01061728611
    },
    {
      "ts": 1772284598,
      "equity": 19854.86108794431,
      "cash": 12705.331746146003
    },
    {
      "ts": 1772284912,
      "equity": 19836.995843880733,
      "cash": 12705.331746146003
    },
    {
      "ts": 1772285229,
      "equity": 19836.680130436278,
      "cash": 12705.331746146003
    },
    {
      "ts": 1772285530,
      "equity": 19839.8044643282,
      "cash": 12705.331746146003
    },
    {
      "ts": 1772285829,
      "equity": 19820.97714792129,
      "cash": 15856.879366244943
    },
    {
      "ts": 1772286129,
      "equity": 19820.341355467954,
      "cash": 15856.879366244943
    },
    {
      "ts": 1772286442,
      "equity": 19834.868531377888,
      "cash": 15856.879366244943
    },
    {
      "ts": 1772286759,
      "equity": 19866.983659951085,
      "cash": 19866.983659951085
    },
    {
      "ts": 1772287072,
      "equity": 19866.983659951085,
      "cash": 19866.983659951085
    },
    {
      "ts": 1772287389,
      "equity": 19863.010263219097,
      "cash": 15889.613531228879
    },
    {
      "ts": 1772287704,
      "equity": 19864.245876345187,
      "cash": 15889.613531228879
    },
    {
      "ts": 1772288019,
      "equity": 19865.062637564133,
      "cash": 15889.613531228879
    },
    {
      "ts": 1772288332,
      "equity": 19862.696124288734,
      "cash": 15889.613531228879
    },
    {
      "ts": 1772288649,
      "equity": 19861.334855590496,
      "cash": 15889.613531228879
    },
    {
      "ts": 1772288969,
      "equity": 19870.654310524587,
      "cash": 15889.613531228879
    },
    {
      "ts": 1772289280,
      "equity": 19866.549561834516,
      "cash": 15889.613531228879
    },
    {
      "ts": 1772289592,
      "equity": 19882.029762872713,
      "cash": 19882.029762872713
    },
    {
      "ts": 1772289904,
      "equity": 19878.05335692014,
      "cash": 15901.647404345596
    },
    {
      "ts": 1772290210,
      "equity": 19862.365403464046,
      "cash": 15901.647404345596
    },
    {
      "ts": 1772290514,
      "equity": 19835.162895253532,
      "cash": 12718.137593995609
    },
    {
      "ts": 1772290829,
      "equity": 19839.123078287394,
      "cash": 12718.137593995609
    },
    {
      "ts": 1772291144,
      "equity": 19847.95742530175,
      "cash": 12718.137593995609
    },
    {
      "ts": 1772291453,
      "equity": 19833.059904654525,
      "cash": 12718.137593995609
    },
    {
      "ts": 1772291758,
      "equity": 19814.956967627928,
      "cash": 12718.137593995609
    },
    {
      "ts": 1772292072,
      "equity": 19824.590643872125,
      "cash": 12718.137593995609
    },
    {
      "ts": 1772292372,
      "equity": 19846.259823440094,
      "cash": 12718.137593995609
    },
    {
      "ts": 1772292673,
      "equity": 19866.84107095622,
      "cash": 12718.137593995609
    },
    {
      "ts": 1772292972,
      "equity": 19899.810433337447,
      "cash": 12718.137593995609
    },
    {
      "ts": 1772293282,
      "equity": 19877.297202751393,
      "cash": 10171.966447677689
    },
    {
      "ts": 1772293602,
      "equity": 19875.691893307652,
      "cash": 10171.966447677689
    },
    {
      "ts": 1772293912,
      "equity": 19873.20369923722,
      "cash": 10171.966447677689
    },
    {
      "ts": 1772294233,
      "equity": 19889.339805720032,
      "cash": 10171.966447677689
    },
    {
      "ts": 1772294548,
      "equity": 19872.90426872668,
      "cash": 10171.966447677689
    },
    {
      "ts": 1772294863,
      "equity": 19872.959608600642,
      "cash": 10171.966447677689
    },
    {
      "ts": 1772295172,
      "equity": 19887.988261175833,
      "cash": 10171.966447677689
    },
    {
      "ts": 1772295488,
      "equity": 19869.474931238652,
      "cash": 10171.966447677689
    },
    {
      "ts": 1772295809,
      "equity": 19891.20513252377,
      "cash": 10171.966447677689
    },
    {
      "ts": 1772296122,
      "equity": 19900.24815548772,
      "cash": 10171.966447677689
    },
    {
      "ts": 1772296433,
      "equity": 19897.536075696604,
      "cash": 10171.966447677689
    },
    {
      "ts": 1772296754,
      "equity": 19879.333948562773,
      "cash": 10171.966447677689
    },
    {
      "ts": 1772297070,
      "equity": 19929.67972542085,
      "cash": 10171.966447677689
    },
    {
      "ts": 1772297381,
      "equity": 19908.038242352108,
      "cash": 10171.966447677689
    },
    {
      "ts": 1772297692,
      "equity": 19908.241819825715,
      "cash": 10171.966447677689
    },
    {
      "ts": 1772298010,
      "equity": 19912.112417826393,
      "cash": 10171.966447677689
    },
    {
      "ts": 1772298312,
      "equity": 19906.22543392872,
      "cash": 10171.966447677689
    },
    {
      "ts": 1772298622,
      "equity": 19900.073533283547,
      "cash": 10171.966447677689
    },
    {
      "ts": 1772298936,
      "equity": 19904.2612120926,
      "cash": 10171.966447677689
    },
    {
      "ts": 1772299251,
      "equity": 19886.712987384675,
      "cash": 10171.966447677689
    },
    {
      "ts": 1772299552,
      "equity": 19914.293188103526,
      "cash": 10171.966447677689
    },
    {
      "ts": 1772299862,
      "equity": 19919.763722945485,
      "cash": 10171.966447677689
    },
    {
      "ts": 1772300169,
      "equity": 19905.505644272813,
      "cash": 10171.966447677689
    },
    {
      "ts": 1772300491,
      "equity": 19894.627189904535,
      "cash": 10171.966447677689
    },
    {
      "ts": 1772300807,
      "equity": 19877.595483814,
      "cash": 10171.966447677689
    },
    {
      "ts": 1772301112,
      "equity": 19918.41713065714,
      "cash": 10171.966447677689
    },
    {
      "ts": 1772301413,
      "equity": 19914.369231902092,
      "cash": 10171.966447677689
    },
    {
      "ts": 1772301730,
      "equity": 19937.077802618976,
      "cash": 10171.966447677689
    },
    {
      "ts": 1772302032,
      "equity": 19949.470286099033,
      "cash": 10171.966447677689
    },
    {
      "ts": 1772302338,
      "equity": 19936.15424961588,
      "cash": 10171.966447677689
    },
    {
      "ts": 1772302652,
      "equity": 19930.786782088362,
      "cash": 10171.966447677689
    },
    {
      "ts": 1772302968,
      "equity": 19922.985073066702,
      "cash": 10171.966447677689
    },
    {
      "ts": 1772303272,
      "equity": 19928.799242079745,
      "cash": 10171.966447677689
    },
    {
      "ts": 1772303574,
      "equity": 19966.121924227118,
      "cash": 10171.966447677689
    },
    {
      "ts": 1772303889,
      "equity": 20029.095954341064,
      "cash": 16784.474693973905
    },
    {
      "ts": 1772304205,
      "equity": 20024.886023864932,
      "cash": 16784.474693973905
    },
    {
      "ts": 1772304521,
      "equity": 20028.59834529792,
      "cash": 16784.474693973905
    },
    {
      "ts": 1772304832,
      "equity": 20032.760097049286,
      "cash": 20032.760097049286
    },
    {
      "ts": 1772305150,
      "equity": 20032.760097049286,
      "cash": 20032.760097049286
    },
    {
      "ts": 1772305465,
      "equity": 20032.760097049286,
      "cash": 20032.760097049286
    },
    {
      "ts": 1772305781,
      "equity": 20032.760097049286,
      "cash": 20032.760097049286
    },
    {
      "ts": 1772306081,
      "equity": 20032.760097049286,
      "cash": 20032.760097049286
    },
    {
      "ts": 1772306390,
      "equity": 20032.760097049286,
      "cash": 20032.760097049286
    },
    {
      "ts": 1772306692,
      "equity": 20032.760097049286,
      "cash": 20032.760097049286
    },
    {
      "ts": 1772306992,
      "equity": 20032.760097049286,
      "cash": 20032.760097049286
    },
    {
      "ts": 1772307311,
      "equity": 20032.760097049286,
      "cash": 20032.760097049286
    },
    {
      "ts": 1772307622,
      "equity": 20028.753545029875,
      "cash": 16022.20152562002
    },
    {
      "ts": 1772307942,
      "equity": 20010.034866508257,
      "cash": 12814.556780190891
    },
    {
      "ts": 1772308242,
      "equity": 20022.497719597824,
      "cash": 12814.556780190891
    },
    {
      "ts": 1772308551,
      "equity": 20005.909985112194,
      "cash": 10249.082512796675
    },
    {
      "ts": 1772308851,
      "equity": 19984.930479071532,
      "cash": 10249.082512796675
    },
    {
      "ts": 1772309152,
      "equity": 19985.866449036977,
      "cash": 10249.082512796675
    },
    {
      "ts": 1772309472,
      "equity": 20022.266794469415,
      "cash": 10249.082512796675
    },
    {
      "ts": 1772309788,
      "equity": 20046.742051852867,
      "cash": 10249.082512796675
    },
    {
      "ts": 1772310103,
      "equity": 20085.794389322782,
      "cash": 12828.47919240185
    },
    {
      "ts": 1772310412,
      "equity": 20103.87604650536,
      "cash": 20103.87604650536
    },
    {
      "ts": 1772310712,
      "equity": 20103.87604650536,
      "cash": 20103.87604650536
    },
    {
      "ts": 1772311022,
      "equity": 20103.87604650536,
      "cash": 20103.87604650536
    },
    {
      "ts": 1772311328,
      "equity": 20103.87604650536,
      "cash": 20103.87604650536
    },
    {
      "ts": 1772311633,
      "equity": 20103.87604650536,
      "cash": 20103.87604650536
    },
    {
      "ts": 1772311942,
      "equity": 20103.87604650536,
      "cash": 20103.87604650536
    },
    {
      "ts": 1772312242,
      "equity": 20103.87604650536,
      "cash": 20103.87604650536
    },
    {
      "ts": 1772312559,
      "equity": 20103.87604650536,
      "cash": 20103.87604650536
    },
    {
      "ts": 1772312872,
      "equity": 20103.87604650536,
      "cash": 20103.87604650536
    },
    {
      "ts": 1772313189,
      "equity": 20103.87604650536,
      "cash": 20103.87604650536
    },
    {
      "ts": 1772313503,
      "equity": 20103.87604650536,
      "cash": 20103.87604650536
    },
    {
      "ts": 1772313819,
      "equity": 20099.85527129606,
      "cash": 16079.080061994988
    },
    {
      "ts": 1772314132,
      "equity": 20090.189948100742,
      "cash": 10285.466577220155
    },
    {
      "ts": 1772314449,
      "equity": 20092.359462186017,
      "cash": 10285.466577220155
    },
    {
      "ts": 1772314764,
      "equity": 20129.0182122471,
      "cash": 10285.466577220155
    },
    {
      "ts": 1772315080,
      "equity": 20137.870278059258,
      "cash": 10285.466577220155
    },
    {
      "ts": 1772315391,
      "equity": 20131.685713134742,
      "cash": 10285.466577220155
    },
    {
      "ts": 1772315707,
      "equity": 20109.851919638637,
      "cash": 10285.466577220155
    },
    {
      "ts": 1772316009,
      "equity": 20131.179808095396,
      "cash": 10285.466577220155
    },
    {
      "ts": 1772316317,
      "equity": 20152.005213572324,
      "cash": 10285.466577220155
    },
    {
      "ts": 1772316632,
      "equity": 20144.204733288854,
      "cash": 10285.466577220155
    },
    {
      "ts": 1772316947,
      "equity": 20146.985042901066,
      "cash": 10285.466577220155
    },
    {
      "ts": 1772317253,
      "equity": 20158.847151883398,
      "cash": 10285.466577220155
    },
    {
      "ts": 1772317558,
      "equity": 20158.3128889878,
      "cash": 10285.466577220155
    },
    {
      "ts": 1772317856,
      "equity": 20153.755134152063,
      "cash": 10285.466577220155
    },
    {
      "ts": 1772318162,
      "equity": 20217.31324311189,
      "cash": 17615.38940871677
    },
    {
      "ts": 1772318478,
      "equity": 20207.545345094455,
      "cash": 17615.38940871677
    },
    {
      "ts": 1772318792,
      "equity": 20206.01911102923,
      "cash": 17615.38940871677
    },
    {
      "ts": 1772319108,
      "equity": 20198.69318751615,
      "cash": 17615.38940871677
    },
    {
      "ts": 1772319413,
      "equity": 20194.114485320475,
      "cash": 17615.38940871677
    },
    {
      "ts": 1772319717,
      "equity": 20193.80923850743,
      "cash": 17615.38940871677
    },
    {
      "ts": 1772320033,
      "equity": 20201.440408833554,
      "cash": 17615.38940871677
    },
    {
      "ts": 1772320347,
      "equity": 20194.724978946564,
      "cash": 17615.38940871677
    },
    {
      "ts": 1772320662,
      "equity": 20189.5357831248,
      "cash": 17615.38940871677
    },
    {
      "ts": 1772320972,
      "equity": 20190.451523563937,
      "cash": 17615.38940871677
    },
    {
      "ts": 1772321289,
      "equity": 20185.872821368263,
      "cash": 17615.38940871677
    },
    {
      "ts": 1772321608,
      "equity": 20188.314795872622,
      "cash": 17615.38940871677
    },
    {
      "ts": 1772321924,
      "equity": 20174.648036787985,
      "cash": 11268.21300158352
    },
    {
      "ts": 1772322232,
      "equity": 20185.035248787866,
      "cash": 11268.21300158352
    },
    {
      "ts": 1772322554,
      "equity": 20205.587106057093,
      "cash": 11268.21300158352
    },
    {
      "ts": 1772322869,
      "equity": 20205.024540451133,
      "cash": 11268.21300158352
    },
    {
      "ts": 1772323185,
      "equity": 20200.88121731858,
      "cash": 11268.21300158352
    },
    {
      "ts": 1772323492,
      "equity": 20219.597288344725,
      "cash": 11268.21300158352
    },
    {
      "ts": 1772323809,
      "equity": 20192.610038116614,
      "cash": 11268.21300158352
    },
    {
      "ts": 1772324130,
      "equity": 20204.25868877329,
      "cash": 11268.21300158352
    },
    {
      "ts": 1772324442,
      "equity": 20199.96504370155,
      "cash": 11268.21300158352
    },
    {
      "ts": 1772324752,
      "equity": 20194.061847053483,
      "cash": 11268.21300158352
    },
    {
      "ts": 1772325071,
      "equity": 20190.329046552997,
      "cash": 11268.21300158352
    },
    {
      "ts": 1772325390,
      "equity": 20188.501671787402,
      "cash": 11268.21300158352
    },
    {
      "ts": 1772325702,
      "equity": 20172.168354276713,
      "cash": 11268.21300158352
    },
    {
      "ts": 1772326012,
      "equity": 20186.12024232731,
      "cash": 11268.21300158352
    },
    {
      "ts": 1772326313,
      "equity": 20187.462041947583,
      "cash": 11268.21300158352
    },
    {
      "ts": 1772326627,
      "equity": 20207.660273565896,
      "cash": 11268.21300158352
    },
    {
      "ts": 1772326928,
      "equity": 20193.935864213745,
      "cash": 11268.21300158352
    },
    {
      "ts": 1772327236,
      "equity": 20190.928524573203,
      "cash": 11268.21300158352
    },
    {
      "ts": 1772327542,
      "equity": 20139.362934745444,
      "cash": 11268.21300158352
    },
    {
      "ts": 1772327843,
      "equity": 20128.901017544427,
      "cash": 14752.769356761055
    },
    {
      "ts": 1772328161,
      "equity": 20143.045636269042,
      "cash": 14752.769356761055
    },
    {
      "ts": 1772328472,
      "equity": 20150.492846664696,
      "cash": 14752.769356761055
    },
    {
      "ts": 1772328791,
      "equity": 20153.922262943535,
      "cash": 14752.769356761055
    },
    {
      "ts": 1772329102,
      "equity": 20190.732656070304,
      "cash": 14752.769356761055
    },
    {
      "ts": 1772329422,
      "equity": 20182.459218172076,
      "cash": 14752.769356761055
    },
    {
      "ts": 1772329733,
      "equity": 20224.477703522767,
      "cash": 14752.769356761055
    },
    {
      "ts": 1772330048,
      "equity": 20291.39236909292,
      "cash": 20291.39236909292
    },
    {
      "ts": 1772330369,
      "equity": 20291.39236909292,
      "cash": 20291.39236909292
    },
    {
      "ts": 1772330683,
      "equity": 20291.39236909292,
      "cash": 20291.39236909292
    },
    {
      "ts": 1772330994,
      "equity": 20291.39236909292,
      "cash": 20291.39236909292
    },
    {
      "ts": 1772331312,
      "equity": 20291.39236909292,
      "cash": 20291.39236909292
    },
    {
      "ts": 1772331628,
      "equity": 20287.3340906191,
      "cash": 16229.055616800517
    },
    {
      "ts": 1772331943,
      "equity": 20283.82492783128,
      "cash": 16229.055616800517
    },
    {
      "ts": 1772332252,
      "equity": 20290.31430312668,
      "cash": 16229.055616800517
    },
    {
      "ts": 1772332559,
      "equity": 20297.348802719953,
      "cash": 16229.055616800517
    },
    {
      "ts": 1772332864,
      "equity": 20292.493003205087,
      "cash": 16229.055616800517
    },
    {
      "ts": 1772333169,
      "equity": 20309.663220512586,
      "cash": 16229.055616800517
    },
    {
      "ts": 1772333474,
      "equity": 20290.644971931542,
      "cash": 16229.055616800517
    },
    {
      "ts": 1772333789,
      "equity": 20280.869879599406,
      "cash": 10381.402946117181
    },
    {
      "ts": 1772334104,
      "equity": 20273.123637807697,
      "cash": 10381.402946117181
    },
    {
      "ts": 1772334412,
      "equity": 20278.42378262875,
      "cash": 10381.402946117181
    },
    {
      "ts": 1772334729,
      "equity": 20283.447622100794,
      "cash": 10381.402946117181
    },
    {
      "ts": 1772335032,
      "equity": 20277.725227942912,
      "cash": 10381.402946117181
    },
    {
      "ts": 1772335346,
      "equity": 20250.12069374312,
      "cash": 10381.402946117181
    },
    {
      "ts": 1772335656,
      "equity": 20266.935894585185,
      "cash": 10381.402946117181
    },
    {
      "ts": 1772335971,
      "equity": 20253.856091110152,
      "cash": 10381.402946117181
    },
    {
      "ts": 1772336273,
      "equity": 20271.835901164424,
      "cash": 10381.402946117181
    },
    {
      "ts": 1772336572,
      "equity": 20268.362463261263,
      "cash": 10381.402946117181
    },
    {
      "ts": 1772336873,
      "equity": 20258.50725750876,
      "cash": 10381.402946117181
    },
    {
      "ts": 1772337187,
      "equity": 20266.684624029258,
      "cash": 10381.402946117181
    },
    {
      "ts": 1772337488,
      "equity": 20241.720826021163,
      "cash": 10381.402946117181
    },
    {
      "ts": 1772337802,
      "equity": 20260.69968228324,
      "cash": 10381.402946117181
    },
    {
      "ts": 1772338118,
      "equity": 20226.50267154908,
      "cash": 10381.402946117181
    },
    {
      "ts": 1772338432,
      "equity": 20225.967852605438,
      "cash": 10381.402946117181
    },
    {
      "ts": 1772338749,
      "equity": 20162.74750112889,
      "cash": 10381.402946117181
    },
    {
      "ts": 1772339051,
      "equity": 20189.865068862604,
      "cash": 10381.402946117181
    },
    {
      "ts": 1772339349,
      "equity": 20208.82161859578,
      "cash": 10381.402946117181
    },
    {
      "ts": 1772339649,
      "equity": 20206.56637561961,
      "cash": 10381.402946117181
    },
    {
      "ts": 1772339969,
      "equity": 20218.824176393246,
      "cash": 10381.402946117181
    },
    {
      "ts": 1772340278,
      "equity": 20218.442396725084,
      "cash": 10381.402946117181
    },
    {
      "ts": 1772340593,
      "equity": 20215.438295779706,
      "cash": 10381.402946117181
    },
    {
      "ts": 1772340904,
      "equity": 20209.17218638975,
      "cash": 10381.402946117181
    },
    {
      "ts": 1772341209,
      "equity": 20215.343274858344,
      "cash": 10381.402946117181
    },
    {
      "ts": 1772341510,
      "equity": 20208.233760523453,
      "cash": 10381.402946117181
    },
    {
      "ts": 1772341811,
      "equity": 20227.395947975772,
      "cash": 10381.402946117181
    },
    {
      "ts": 1772342125,
      "equity": 20214.406368162603,
      "cash": 10381.402946117181
    },
    {
      "ts": 1772342440,
      "equity": 20233.672557805417,
      "cash": 10381.402946117181
    },
    {
      "ts": 1772342742,
      "equity": 20241.383990386865,
      "cash": 10381.402946117181
    },
    {
      "ts": 1772343052,
      "equity": 20235.69992598008,
      "cash": 10381.402946117181
    },
    {
      "ts": 1772343355,
      "equity": 20239.733962506285,
      "cash": 10381.402946117181
    },
    {
      "ts": 1772343655,
      "equity": 20225.313438043064,
      "cash": 10381.402946117181
    },
    {
      "ts": 1772343955,
      "equity": 20216.24103502895,
      "cash": 10381.402946117181
    },
    {
      "ts": 1772344256,
      "equity": 20212.711765058204,
      "cash": 10381.402946117181
    },
    {
      "ts": 1772344556,
      "equity": 20192.45135028887,
      "cash": 10381.402946117181
    },
    {
      "ts": 1772344858,
      "equity": 20195.066433030584,
      "cash": 10381.402946117181
    },
    {
      "ts": 1772345156,
      "equity": 20157.40715978596,
      "cash": 10381.402946117181
    },
    {
      "ts": 1772345457,
      "equity": 20118.192276002657,
      "cash": 14389.577476239865
    },
    {
      "ts": 1772345768,
      "equity": 20138.1434956675,
      "cash": 14389.577476239865
    },
    {
      "ts": 1772346087,
      "equity": 20134.740366718306,
      "cash": 14389.577476239865
    },
    {
      "ts": 1772346387,
      "equity": 20144.36227752796,
      "cash": 14389.577476239865
    },
    {
      "ts": 1772346687,
      "equity": 20134.676533291175,
      "cash": 17575.551793084345
    },
    {
      "ts": 1772346987,
      "equity": 20125.044489268985,
      "cash": 20125.044489268985
    },
    {
      "ts": 1772347302,
      "equity": 20125.044489268985,
      "cash": 20125.044489268985
    },
    {
      "ts": 1772347603,
      "equity": 20125.044489268985,
      "cash": 20125.044489268985
    },
    {
      "ts": 1772347904,
      "equity": 20125.044489268985,
      "cash": 20125.044489268985
    },
    {
      "ts": 1772348203,
      "equity": 20125.044489268985,
      "cash": 20125.044489268985
    },
    {
      "ts": 1772348512,
      "equity": 20125.044489268985,
      "cash": 20125.044489268985
    },
    {
      "ts": 1772348834,
      "equity": 20125.044489268985,
      "cash": 20125.044489268985
    },
    {
      "ts": 1772349149,
      "equity": 20125.044489268985,
      "cash": 20125.044489268985
    },
    {
      "ts": 1772349464,
      "equity": 20125.044489268985,
      "cash": 20125.044489268985
    },
    {
      "ts": 1772349772,
      "equity": 20125.044489268985,
      "cash": 20125.044489268985
    },
    {
      "ts": 1772350088,
      "equity": 20125.044489268985,
      "cash": 20125.044489268985
    },
    {
      "ts": 1772350410,
      "equity": 20125.044489268985,
      "cash": 20125.044489268985
    },
    {
      "ts": 1772350725,
      "equity": 20125.044489268985,
      "cash": 20125.044489268985
    },
    {
      "ts": 1772351032,
      "equity": 20125.044489268985,
      "cash": 20125.044489268985
    },
    {
      "ts": 1772351353,
      "equity": 20125.044489268985,
      "cash": 20125.044489268985
    },
    {
      "ts": 1772351670,
      "equity": 20125.044489268985,
      "cash": 20125.044489268985
    },
    {
      "ts": 1772351986,
      "equity": 20125.044489268985,
      "cash": 20125.044489268985
    },
    {
      "ts": 1772352292,
      "equity": 20125.044489268985,
      "cash": 20125.044489268985
    },
    {
      "ts": 1772352611,
      "equity": 20125.044489268985,
      "cash": 20125.044489268985
    },
    {
      "ts": 1772352934,
      "equity": 20125.044489268985,
      "cash": 20125.044489268985
    },
    {
      "ts": 1772353243,
      "equity": 20125.044489268985,
      "cash": 20125.044489268985
    },
    {
      "ts": 1772353553,
      "equity": 20125.044489268985,
      "cash": 20125.044489268985
    },
    {
      "ts": 1772353873,
      "equity": 20125.044489268985,
      "cash": 20125.044489268985
    },
    {
      "ts": 1772354194,
      "equity": 20125.044489268985,
      "cash": 20125.044489268985
    },
    {
      "ts": 1772354502,
      "equity": 20125.044489268985,
      "cash": 20125.044489268985
    },
    {
      "ts": 1772354812,
      "equity": 20125.044489268985,
      "cash": 20125.044489268985
    },
    {
      "ts": 1772355128,
      "equity": 20125.044489268985,
      "cash": 20125.044489268985
    },
    {
      "ts": 1772355452,
      "equity": 20125.044489268985,
      "cash": 20125.044489268985
    },
    {
      "ts": 1772355771,
      "equity": 20125.044489268985,
      "cash": 20125.044489268985
    },
    {
      "ts": 1772356072,
      "equity": 20125.044489268985,
      "cash": 20125.044489268985
    },
    {
      "ts": 1772356401,
      "equity": 20125.044489268985,
      "cash": 20125.044489268985
    },
    {
      "ts": 1772356712,
      "equity": 20125.044489268985,
      "cash": 20125.044489268985
    },
    {
      "ts": 1772357031,
      "equity": 20125.044489268985,
      "cash": 20125.044489268985
    },
    {
      "ts": 1772357333,
      "equity": 20125.044489268985,
      "cash": 20125.044489268985
    },
    {
      "ts": 1772357648,
      "equity": 20125.044489268985,
      "cash": 20125.044489268985
    },
    {
      "ts": 1772357975,
      "equity": 20125.044489268985,
      "cash": 20125.044489268985
    },
    {
      "ts": 1772358292,
      "equity": 20125.044489268985,
      "cash": 20125.044489268985
    },
    {
      "ts": 1772358592,
      "equity": 20125.044489268985,
      "cash": 20125.044489268985
    },
    {
      "ts": 1772358907,
      "equity": 20125.044489268985,
      "cash": 20125.044489268985
    },
    {
      "ts": 1772359237,
      "equity": 20125.044489268985,
      "cash": 20125.044489268985
    },
    {
      "ts": 1772359542,
      "equity": 20125.044489268985,
      "cash": 20125.044489268985
    },
    {
      "ts": 1772359852,
      "equity": 20125.044489268985,
      "cash": 20125.044489268985
    },
    {
      "ts": 1772360168,
      "equity": 20125.044489268985,
      "cash": 20125.044489268985
    },
    {
      "ts": 1772360497,
      "equity": 20125.044489268985,
      "cash": 20125.044489268985
    },
    {
      "ts": 1772360802,
      "equity": 20125.044489268985,
      "cash": 20125.044489268985
    },
    {
      "ts": 1772361112,
      "equity": 20125.044489268985,
      "cash": 20125.044489268985
    },
    {
      "ts": 1772361443,
      "equity": 20125.044489268985,
      "cash": 20125.044489268985
    },
    {
      "ts": 1772361759,
      "equity": 20125.044489268985,
      "cash": 20125.044489268985
    },
    {
      "ts": 1772362072,
      "equity": 20125.044489268985,
      "cash": 20125.044489268985
    },
    {
      "ts": 1772362393,
      "equity": 20125.044489268985,
      "cash": 20125.044489268985
    },
    {
      "ts": 1772362707,
      "equity": 20125.044489268985,
      "cash": 20125.044489268985
    },
    {
      "ts": 1772363022,
      "equity": 20125.044489268985,
      "cash": 20125.044489268985
    },
    {
      "ts": 1772363332,
      "equity": 20125.044489268985,
      "cash": 20125.044489268985
    },
    {
      "ts": 1772363632,
      "equity": 20125.044489268985,
      "cash": 20125.044489268985
    },
    {
      "ts": 1772363966,
      "equity": 20125.044489268985,
      "cash": 20125.044489268985
    },
    {
      "ts": 1772364273,
      "equity": 20125.044489268985,
      "cash": 20125.044489268985
    },
    {
      "ts": 1772364592,
      "equity": 20125.044489268985,
      "cash": 20125.044489268985
    },
    {
      "ts": 1772364893,
      "equity": 20125.044489268985,
      "cash": 20125.044489268985
    },
    {
      "ts": 1772365194,
      "equity": 20125.044489268985,
      "cash": 20125.044489268985
    },
    {
      "ts": 1772365499,
      "equity": 20125.044489268985,
      "cash": 20125.044489268985
    },
    {
      "ts": 1772365808,
      "equity": 20125.044489268985,
      "cash": 20125.044489268985
    },
    {
      "ts": 1772366112,
      "equity": 20125.044489268985,
      "cash": 20125.044489268985
    },
    {
      "ts": 1772366445,
      "equity": 20125.044489268985,
      "cash": 20125.044489268985
    },
    {
      "ts": 1772366753,
      "equity": 20125.044489268985,
      "cash": 20125.044489268985
    },
    {
      "ts": 1772367078,
      "equity": 20125.044489268985,
      "cash": 20125.044489268985
    },
    {
      "ts": 1772367392,
      "equity": 20125.044489268985,
      "cash": 20125.044489268985
    },
    {
      "ts": 1772367711,
      "equity": 20125.044489268985,
      "cash": 20125.044489268985
    },
    {
      "ts": 1772368013,
      "equity": 20125.044489268985,
      "cash": 20125.044489268985
    },
    {
      "ts": 1772368327,
      "equity": 20125.044489268985,
      "cash": 20125.044489268985
    },
    {
      "ts": 1772368653,
      "equity": 20125.044489268985,
      "cash": 20125.044489268985
    },
    {
      "ts": 1772368971,
      "equity": 20125.044489268985,
      "cash": 20125.044489268985
    },
    {
      "ts": 1772369272,
      "equity": 20125.044489268985,
      "cash": 20125.044489268985
    },
    {
      "ts": 1772369602,
      "equity": 20125.044489268985,
      "cash": 20125.044489268985
    },
    {
      "ts": 1772369917,
      "equity": 20125.044489268985,
      "cash": 20125.044489268985
    },
    {
      "ts": 1772370232,
      "equity": 20125.044489268985,
      "cash": 20125.044489268985
    },
    {
      "ts": 1772370548,
      "equity": 20125.044489268985,
      "cash": 20125.044489268985
    },
    {
      "ts": 1772370862,
      "equity": 20125.044489268985,
      "cash": 20125.044489268985
    },
    {
      "ts": 1772371178,
      "equity": 20125.044489268985,
      "cash": 20125.044489268985
    },
    {
      "ts": 1772371483,
      "equity": 20125.044489268985,
      "cash": 20125.044489268985
    },
    {
      "ts": 1772371792,
      "equity": 20125.044489268985,
      "cash": 20125.044489268985
    },
    {
      "ts": 1772372112,
      "equity": 20125.044489268985,
      "cash": 20125.044489268985
    },
    {
      "ts": 1772372439,
      "equity": 20125.044489268985,
      "cash": 20125.044489268985
    },
    {
      "ts": 1772372752,
      "equity": 20125.044489268985,
      "cash": 20125.044489268985
    },
    {
      "ts": 1772373070,
      "equity": 20125.044489268985,
      "cash": 20125.044489268985
    },
    {
      "ts": 1772373384,
      "equity": 20125.044489268985,
      "cash": 20125.044489268985
    },
    {
      "ts": 1772373700,
      "equity": 20121.01948037113,
      "cash": 16096.010582517334
    },
    {
      "ts": 1772374013,
      "equity": 20157.549774871783,
      "cash": 16096.010582517334
    },
    {
      "ts": 1772374329,
      "equity": 20130.52337308242,
      "cash": 10296.29669326511
    },
    {
      "ts": 1772374644,
      "equity": 20141.418246856272,
      "cash": 14338.892421726234
    },
    {
      "ts": 1772374960,
      "equity": 20118.028523381185,
      "cash": 14338.892421726234
    },
    {
      "ts": 1772375272,
      "equity": 20114.39780638146,
      "cash": 14338.892421726234
    },
    {
      "ts": 1772375572,
      "equity": 20122.10076968094,
      "cash": 14338.892421726234
    },
    {
      "ts": 1772375888,
      "equity": 20115.186383138738,
      "cash": 14338.892421726234
    },
    {
      "ts": 1772376213,
      "equity": 20099.96014176951,
      "cash": 14338.892421726234
    },
    {
      "ts": 1772376532,
      "equity": 20112.310413634586,
      "cash": 14338.892421726234
    },
    {
      "ts": 1772376833,
      "equity": 20102.98710216631,
      "cash": 14338.892421726234
    },
    {
      "ts": 1772377165,
      "equity": 20113.32541360546,
      "cash": 14338.892421726234
    },
    {
      "ts": 1772377473,
      "equity": 20123.759324531547,
      "cash": 14338.892421726234
    },
    {
      "ts": 1772377792,
      "equity": 20125.27461675322,
      "cash": 14338.892421726234
    },
    {
      "ts": 1772378093,
      "equity": 20138.06057515398,
      "cash": 14338.892421726234
    },
    {
      "ts": 1772378408,
      "equity": 20137.186556145876,
      "cash": 11468.246158896642
    },
    {
      "ts": 1772378737,
      "equity": 20129.481918455822,
      "cash": 11468.246158896642
    },
    {
      "ts": 1772379053,
      "equity": 20132.076944824574,
      "cash": 11468.246158896642
    },
    {
      "ts": 1772379354,
      "equity": 20146.89918963514,
      "cash": 11468.246158896642
    },
    {
      "ts": 1772379682,
      "equity": 20153.18413935612,
      "cash": 11468.246158896642
    },
    {
      "ts": 1772380005,
      "equity": 20145.327403604486,
      "cash": 11468.246158896642
    },
    {
      "ts": 1772380312,
      "equity": 20141.697408806758,
      "cash": 11468.246158896642
    },
    {
      "ts": 1772380636,
      "equity": 20106.69939693606,
      "cash": 11468.246158896642
    },
    {
      "ts": 1772380942,
      "equity": 20074.5819481029,
      "cash": 11468.246158896642
    },
    {
      "ts": 1772381266,
      "equity": 20096.659759869228,
      "cash": 11468.246158896642
    },
    {
      "ts": 1772381573,
      "equity": 20096.728696990027,
      "cash": 11468.246158896642
    },
    {
      "ts": 1772381889,
      "equity": 20101.330439604462,
      "cash": 11468.246158896642
    },
    {
      "ts": 1772382214,
      "equity": 20081.46826697867,
      "cash": 11468.246158896642
    },
    {
      "ts": 1772382528,
      "equity": 20116.466657713845,
      "cash": 11468.246158896642
    },
    {
      "ts": 1772382833,
      "equity": 20108.50452480529,
      "cash": 11468.246158896642
    },
    {
      "ts": 1772383159,
      "equity": 20106.29649596597,
      "cash": 11468.246158896642
    },
    {
      "ts": 1772383473,
      "equity": 20094.87187918644,
      "cash": 11468.246158896642
    },
    {
      "ts": 1772383773,
      "equity": 19967.4875200071,
      "cash": 11468.246158896642
    },
    {
      "ts": 1772384092,
      "equity": 19960.900769723117,
      "cash": 16786.02896507377
    },
    {
      "ts": 1772384393,
      "equity": 19956.82839709022,
      "cash": 19956.82839709022
    },
    {
      "ts": 1772384733,
      "equity": 19956.82839709022,
      "cash": 19956.82839709022
    },
    {
      "ts": 1772385034,
      "equity": 19956.82839709022,
      "cash": 19956.82839709022
    },
    {
      "ts": 1772385353,
      "equity": 19956.82839709022,
      "cash": 19956.82839709022
    },
    {
      "ts": 1772385654,
      "equity": 19956.82839709022,
      "cash": 19956.82839709022
    },
    {
      "ts": 1772385963,
      "equity": 19956.82839709022,
      "cash": 19956.82839709022
    },
    {
      "ts": 1772386264,
      "equity": 19956.82839709022,
      "cash": 19956.82839709022
    },
    {
      "ts": 1772386568,
      "equity": 19956.82839709022,
      "cash": 19956.82839709022
    },
    {
      "ts": 1772386872,
      "equity": 19956.82839709022,
      "cash": 19956.82839709022
    },
    {
      "ts": 1772387210,
      "equity": 19956.82839709022,
      "cash": 19956.82839709022
    },
    {
      "ts": 1772387512,
      "equity": 19956.82839709022,
      "cash": 19956.82839709022
    },
    {
      "ts": 1772387841,
      "equity": 19956.82839709022,
      "cash": 19956.82839709022
    },
    {
      "ts": 1772388155,
      "equity": 19956.82839709022,
      "cash": 19956.82839709022
    },
    {
      "ts": 1772388471,
      "equity": 19956.82839709022,
      "cash": 19956.82839709022
    },
    {
      "ts": 1772388772,
      "equity": 19956.82839709022,
      "cash": 19956.82839709022
    },
    {
      "ts": 1772389088,
      "equity": 19956.82839709022,
      "cash": 19956.82839709022
    },
    {
      "ts": 1772389392,
      "equity": 19956.82839709022,
      "cash": 19956.82839709022
    },
    {
      "ts": 1772389692,
      "equity": 19956.82839709022,
      "cash": 19956.82839709022
    },
    {
      "ts": 1772390002,
      "equity": 19956.82839709022,
      "cash": 19956.82839709022
    },
    {
      "ts": 1772390316,
      "equity": 19956.82839709022,
      "cash": 19956.82839709022
    },
    {
      "ts": 1772390623,
      "equity": 19956.82839709022,
      "cash": 19956.82839709022
    },
    {
      "ts": 1772390933,
      "equity": 19956.82839709022,
      "cash": 19956.82839709022
    },
    {
      "ts": 1772391249,
      "equity": 19956.82839709022,
      "cash": 19956.82839709022
    },
    {
      "ts": 1772391574,
      "equity": 19956.82839709022,
      "cash": 19956.82839709022
    },
    {
      "ts": 1772391893,
      "equity": 19956.82839709022,
      "cash": 19956.82839709022
    },
    {
      "ts": 1772392207,
      "equity": 19956.82839709022,
      "cash": 19956.82839709022
    },
    {
      "ts": 1772392523,
      "equity": 19956.82839709022,
      "cash": 19956.82839709022
    },
    {
      "ts": 1772392838,
      "equity": 19956.82839709022,
      "cash": 19956.82839709022
    },
    {
      "ts": 1772393153,
      "equity": 19956.82839709022,
      "cash": 19956.82839709022
    },
    {
      "ts": 1772393468,
      "equity": 19956.82839709022,
      "cash": 19956.82839709022
    },
    {
      "ts": 1772393784,
      "equity": 19956.82839709022,
      "cash": 19956.82839709022
    },
    {
      "ts": 1772394102,
      "equity": 19956.82839709022,
      "cash": 19956.82839709022
    },
    {
      "ts": 1772394413,
      "equity": 19956.82839709022,
      "cash": 19956.82839709022
    },
    {
      "ts": 1772394713,
      "equity": 19956.82839709022,
      "cash": 19956.82839709022
    },
    {
      "ts": 1772395044,
      "equity": 19956.82839709022,
      "cash": 19956.82839709022
    },
    {
      "ts": 1772395360,
      "equity": 19956.82839709022,
      "cash": 19956.82839709022
    },
    {
      "ts": 1772395673,
      "equity": 19956.82839709022,
      "cash": 19956.82839709022
    },
    {
      "ts": 1772395990,
      "equity": 19956.82839709022,
      "cash": 19956.82839709022
    },
    {
      "ts": 1772396304,
      "equity": 19956.82839709022,
      "cash": 19956.82839709022
    },
    {
      "ts": 1772396621,
      "equity": 19956.82839709022,
      "cash": 19956.82839709022
    },
    {
      "ts": 1772396933,
      "equity": 19956.82839709022,
      "cash": 19956.82839709022
    },
    {
      "ts": 1772397233,
      "equity": 19956.82839709022,
      "cash": 19956.82839709022
    },
    {
      "ts": 1772397570,
      "equity": 19956.82839709022,
      "cash": 19956.82839709022
    },
    {
      "ts": 1772397882,
      "equity": 19956.82839709022,
      "cash": 19956.82839709022
    },
    {
      "ts": 1772398191,
      "equity": 19956.82839709022,
      "cash": 19956.82839709022
    },
    {
      "ts": 1772398492,
      "equity": 19956.82839709022,
      "cash": 19956.82839709022
    },
    {
      "ts": 1772398794,
      "equity": 19956.82839709022,
      "cash": 19956.82839709022
    },
    {
      "ts": 1772399097,
      "equity": 19956.82839709022,
      "cash": 19956.82839709022
    },
    {
      "ts": 1772399412,
      "equity": 19956.82839709022,
      "cash": 19956.82839709022
    },
    {
      "ts": 1772399716,
      "equity": 19956.82839709022,
      "cash": 19956.82839709022
    }
  ],
  "metrics": [
    {
      "ts": 1772399716,
      "duration_ms": 5713,
      "status": "ok",
      "buys": 0,
      "sells": 0,
      "trades": 0,
      "fees": 0.0,
      "positions": 0,
      "equity": 19956.82839709022,
      "cash": 19956.82839709022,
      "note": ""
    },
    {
      "ts": 1772399412,
      "duration_ms": 5704,
      "status": "ok",
      "buys": 0,
      "sells": 0,
      "trades": 0,
      "fees": 0.0,
      "positions": 0,
      "equity": 19956.82839709022,
      "cash": 19956.82839709022,
      "note": ""
    },
    {
      "ts": 1772399097,
      "duration_ms": 4080,
      "status": "ok",
      "buys": 0,
      "sells": 0,
      "trades": 0,
      "fees": 0.0,
      "positions": 0,
      "equity": 19956.82839709022,
      "cash": 19956.82839709022,
      "note": ""
    },
    {
      "ts": 1772398794,
      "duration_ms": 3562,
      "status": "ok",
      "buys": 0,
      "sells": 0,
      "trades": 0,
      "fees": 0.0,
      "positions": 0,
      "equity": 19956.82839709022,
      "cash": 19956.82839709022,
      "note": ""
    },
    {
      "ts": 1772398492,
      "duration_ms": 3286,
      "status": "ok",
      "buys": 0,
      "sells": 0,
      "trades": 0,
      "fees": 0.0,
      "positions": 0,
      "equity": 19956.82839709022,
      "cash": 19956.82839709022,
      "note": ""
    },
    {
      "ts": 1772398191,
      "duration_ms": 8034,
      "status": "ok",
      "buys": 0,
      "sells": 0,
      "trades": 0,
      "fees": 0.0,
      "positions": 0,
      "equity": 19956.82839709022,
      "cash": 19956.82839709022,
      "note": ""
    },
    {
      "ts": 1772397882,
      "duration_ms": 3399,
      "status": "ok",
      "buys": 0,
      "sells": 0,
      "trades": 0,
      "fees": 0.0,
      "positions": 0,
      "equity": 19956.82839709022,
      "cash": 19956.82839709022,
      "note": ""
    },
    {
      "ts": 1772397570,
      "duration_ms": 5496,
      "status": "ok",
      "buys": 0,
      "sells": 0,
      "trades": 0,
      "fees": 0.0,
      "positions": 0,
      "equity": 19956.82839709022,
      "cash": 19956.82839709022,
      "note": ""
    },
    {
      "ts": 1772397233,
      "duration_ms": 2893,
      "status": "ok",
      "buys": 0,
      "sells": 0,
      "trades": 0,
      "fees": 0.0,
      "positions": 0,
      "equity": 19956.82839709022,
      "cash": 19956.82839709022,
      "note": ""
    },
    {
      "ts": 1772396933,
      "duration_ms": 3174,
      "status": "ok",
      "buys": 0,
      "sells": 0,
      "trades": 0,
      "fees": 0.0,
      "positions": 0,
      "equity": 19956.82839709022,
      "cash": 19956.82839709022,
      "note": ""
    },
    {
      "ts": 1772396621,
      "duration_ms": 3126,
      "status": "ok",
      "buys": 0,
      "sells": 0,
      "trades": 0,
      "fees": 0.0,
      "positions": 0,
      "equity": 19956.82839709022,
      "cash": 19956.82839709022,
      "note": ""
    },
    {
      "ts": 1772396305,
      "duration_ms": 3133,
      "status": "ok",
      "buys": 0,
      "sells": 0,
      "trades": 0,
      "fees": 0.0,
      "positions": 0,
      "equity": 19956.82839709022,
      "cash": 19956.82839709022,
      "note": ""
    },
    {
      "ts": 1772395991,
      "duration_ms": 3501,
      "status": "ok",
      "buys": 0,
      "sells": 0,
      "trades": 0,
      "fees": 0.0,
      "positions": 0,
      "equity": 19956.82839709022,
      "cash": 19956.82839709022,
      "note": ""
    },
    {
      "ts": 1772395673,
      "duration_ms": 3025,
      "status": "ok",
      "buys": 0,
      "sells": 0,
      "trades": 0,
      "fees": 0.0,
      "positions": 0,
      "equity": 19956.82839709022,
      "cash": 19956.82839709022,
      "note": ""
    },
    {
      "ts": 1772395360,
      "duration_ms": 3669,
      "status": "ok",
      "buys": 0,
      "sells": 0,
      "trades": 0,
      "fees": 0.0,
      "positions": 0,
      "equity": 19956.82839709022,
      "cash": 19956.82839709022,
      "note": ""
    },
    {
      "ts": 1772395044,
      "duration_ms": 2734,
      "status": "ok",
      "buys": 0,
      "sells": 0,
      "trades": 0,
      "fees": 0.0,
      "positions": 0,
      "equity": 19956.82839709022,
      "cash": 19956.82839709022,
      "note": ""
    },
    {
      "ts": 1772394713,
      "duration_ms": 2914,
      "status": "ok",
      "buys": 0,
      "sells": 0,
      "trades": 0,
      "fees": 0.0,
      "positions": 0,
      "equity": 19956.82839709022,
      "cash": 19956.82839709022,
      "note": ""
    },
    {
      "ts": 1772394413,
      "duration_ms": 2892,
      "status": "ok",
      "buys": 0,
      "sells": 0,
      "trades": 0,
      "fees": 0.0,
      "positions": 0,
      "equity": 19956.82839709022,
      "cash": 19956.82839709022,
      "note": ""
    },
    {
      "ts": 1772394103,
      "duration_ms": 6193,
      "status": "ok",
      "buys": 0,
      "sells": 0,
      "trades": 0,
      "fees": 0.0,
      "positions": 0,
      "equity": 19956.82839709022,
      "cash": 19956.82839709022,
      "note": ""
    },
    {
      "ts": 1772393784,
      "duration_ms": 2822,
      "status": "ok",
      "buys": 0,
      "sells": 0,
      "trades": 0,
      "fees": 0.0,
      "positions": 0,
      "equity": 19956.82839709022,
      "cash": 19956.82839709022,
      "note": ""
    },
    {
      "ts": 1772393468,
      "duration_ms": 3433,
      "status": "ok",
      "buys": 0,
      "sells": 0,
      "trades": 0,
      "fees": 0.0,
      "positions": 0,
      "equity": 19956.82839709022,
      "cash": 19956.82839709022,
      "note": ""
    },
    {
      "ts": 1772393153,
      "duration_ms": 2886,
      "status": "ok",
      "buys": 0,
      "sells": 0,
      "trades": 0,
      "fees": 0.0,
      "positions": 0,
      "equity": 19956.82839709022,
      "cash": 19956.82839709022,
      "note": ""
    },
    {
      "ts": 1772392838,
      "duration_ms": 3422,
      "status": "ok",
      "buys": 0,
      "sells": 0,
      "trades": 0,
      "fees": 0.0,
      "positions": 0,
      "equity": 19956.82839709022,
      "cash": 19956.82839709022,
      "note": ""
    },
    {
      "ts": 1772392523,
      "duration_ms": 3021,
      "status": "ok",
      "buys": 0,
      "sells": 0,
      "trades": 0,
      "fees": 0.0,
      "positions": 0,
      "equity": 19956.82839709022,
      "cash": 19956.82839709022,
      "note": ""
    },
    {
      "ts": 1772392207,
      "duration_ms": 3323,
      "status": "ok",
      "buys": 0,
      "sells": 0,
      "trades": 0,
      "fees": 0.0,
      "positions": 0,
      "equity": 19956.82839709022,
      "cash": 19956.82839709022,
      "note": ""
    },
    {
      "ts": 1772391893,
      "duration_ms": 2847,
      "status": "ok",
      "buys": 0,
      "sells": 0,
      "trades": 0,
      "fees": 0.0,
      "positions": 0,
      "equity": 19956.82839709022,
      "cash": 19956.82839709022,
      "note": ""
    },
    {
      "ts": 1772391574,
      "duration_ms": 2948,
      "status": "ok",
      "buys": 0,
      "sells": 0,
      "trades": 0,
      "fees": 0.0,
      "positions": 0,
      "equity": 19956.82839709022,
      "cash": 19956.82839709022,
      "note": ""
    },
    {
      "ts": 1772391249,
      "duration_ms": 4456,
      "status": "ok",
      "buys": 0,
      "sells": 0,
      "trades": 0,
      "fees": 0.0,
      "positions": 0,
      "equity": 19956.82839709022,
      "cash": 19956.82839709022,
      "note": ""
    },
    {
      "ts": 1772390933,
      "duration_ms": 2813,
      "status": "ok",
      "buys": 0,
      "sells": 0,
      "trades": 0,
      "fees": 0.0,
      "positions": 0,
      "equity": 19956.82839709022,
      "cash": 19956.82839709022,
      "note": ""
    },
    {
      "ts": 1772390623,
      "duration_ms": 2919,
      "status": "ok",
      "buys": 0,
      "sells": 0,
      "trades": 0,
      "fees": 0.0,
      "positions": 0,
      "equity": 19956.82839709022,
      "cash": 19956.82839709022,
      "note": ""
    },
    {
      "ts": 1772390316,
      "duration_ms": 2726,
      "status": "ok",
      "buys": 0,
      "sells": 0,
      "trades": 0,
      "fees": 0.0,
      "positions": 0,
      "equity": 19956.82839709022,
      "cash": 19956.82839709022,
      "note": ""
    },
    {
      "ts": 1772390002,
      "duration_ms": 3093,
      "status": "ok",
      "buys": 0,
      "sells": 0,
      "trades": 0,
      "fees": 0.0,
      "positions": 0,
      "equity": 19956.82839709022,
      "cash": 19956.82839709022,
      "note": ""
    },
    {
      "ts": 1772389692,
      "duration_ms": 2810,
      "status": "ok",
      "buys": 0,
      "sells": 0,
      "trades": 0,
      "fees": 0.0,
      "positions": 0,
      "equity": 19956.82839709022,
      "cash": 19956.82839709022,
      "note": ""
    },
    {
      "ts": 1772389393,
      "duration_ms": 2905,
      "status": "ok",
      "buys": 0,
      "sells": 0,
      "trades": 0,
      "fees": 0.0,
      "positions": 0,
      "equity": 19956.82839709022,
      "cash": 19956.82839709022,
      "note": ""
    },
    {
      "ts": 1772389088,
      "duration_ms": 4102,
      "status": "ok",
      "buys": 0,
      "sells": 0,
      "trades": 0,
      "fees": 0.0,
      "positions": 0,
      "equity": 19956.82839709022,
      "cash": 19956.82839709022,
      "note": ""
    },
    {
      "ts": 1772388772,
      "duration_ms": 2905,
      "status": "ok",
      "buys": 0,
      "sells": 0,
      "trades": 0,
      "fees": 0.0,
      "positions": 0,
      "equity": 19956.82839709022,
      "cash": 19956.82839709022,
      "note": ""
    },
    {
      "ts": 1772388471,
      "duration_ms": 3367,
      "status": "ok",
      "buys": 0,
      "sells": 0,
      "trades": 0,
      "fees": 0.0,
      "positions": 0,
      "equity": 19956.82839709022,
      "cash": 19956.82839709022,
      "note": ""
    },
    {
      "ts": 1772388155,
      "duration_ms": 2802,
      "status": "ok",
      "buys": 0,
      "sells": 0,
      "trades": 0,
      "fees": 0.0,
      "positions": 0,
      "equity": 19956.82839709022,
      "cash": 19956.82839709022,
      "note": ""
    },
    {
      "ts": 1772387841,
      "duration_ms": 3052,
      "status": "ok",
      "buys": 0,
      "sells": 0,
      "trades": 0,
      "fees": 0.0,
      "positions": 0,
      "equity": 19956.82839709022,
      "cash": 19956.82839709022,
      "note": ""
    },
    {
      "ts": 1772387512,
      "duration_ms": 2957,
      "status": "ok",
      "buys": 0,
      "sells": 0,
      "trades": 0,
      "fees": 0.0,
      "positions": 0,
      "equity": 19956.82839709022,
      "cash": 19956.82839709022,
      "note": ""
    },
    {
      "ts": 1772387210,
      "duration_ms": 4246,
      "status": "ok",
      "buys": 0,
      "sells": 0,
      "trades": 0,
      "fees": 0.0,
      "positions": 0,
      "equity": 19956.82839709022,
      "cash": 19956.82839709022,
      "note": ""
    },
    {
      "ts": 1772386873,
      "duration_ms": 2911,
      "status": "ok",
      "buys": 0,
      "sells": 0,
      "trades": 0,
      "fees": 0.0,
      "positions": 0,
      "equity": 19956.82839709022,
      "cash": 19956.82839709022,
      "note": ""
    },
    {
      "ts": 1772386568,
      "duration_ms": 3650,
      "status": "ok",
      "buys": 0,
      "sells": 0,
      "trades": 0,
      "fees": 0.0,
      "positions": 0,
      "equity": 19956.82839709022,
      "cash": 19956.82839709022,
      "note": ""
    },
    {
      "ts": 1772386264,
      "duration_ms": 2772,
      "status": "ok",
      "buys": 0,
      "sells": 0,
      "trades": 0,
      "fees": 0.0,
      "positions": 0,
      "equity": 19956.82839709022,
      "cash": 19956.82839709022,
      "note": ""
    },
    {
      "ts": 1772385963,
      "duration_ms": 3099,
      "status": "ok",
      "buys": 0,
      "sells": 0,
      "trades": 0,
      "fees": 0.0,
      "positions": 0,
      "equity": 19956.82839709022,
      "cash": 19956.82839709022,
      "note": ""
    },
    {
      "ts": 1772385654,
      "duration_ms": 2956,
      "status": "ok",
      "buys": 0,
      "sells": 0,
      "trades": 0,
      "fees": 0.0,
      "positions": 0,
      "equity": 19956.82839709022,
      "cash": 19956.82839709022,
      "note": ""
    },
    {
      "ts": 1772385353,
      "duration_ms": 2998,
      "status": "ok",
      "buys": 0,
      "sells": 0,
      "trades": 0,
      "fees": 0.0,
      "positions": 0,
      "equity": 19956.82839709022,
      "cash": 19956.82839709022,
      "note": ""
    },
    {
      "ts": 1772385034,
      "duration_ms": 3217,
      "status": "ok",
      "buys": 0,
      "sells": 0,
      "trades": 0,
      "fees": 0.0,
      "positions": 0,
      "equity": 19956.82839709022,
      "cash": 19956.82839709022,
      "note": ""
    },
    {
      "ts": 1772384733,
      "duration_ms": 2897,
      "status": "ok",
      "buys": 0,
      "sells": 0,
      "trades": 0,
      "fees": 0.0,
      "positions": 0,
      "equity": 19956.82839709022,
      "cash": 19956.82839709022,
      "note": ""
    },
    {
      "ts": 1772384393,
      "duration_ms": 3099,
      "status": "ok",
      "buys": 0,
      "sells": 1,
      "trades": 1,
      "fees": 3.173973405421871,
      "positions": 0,
      "equity": 19956.82839709022,
      "cash": 19956.82839709022,
      "note": ""
    },
    {
      "ts": 1772384092,
      "duration_ms": 3201,
      "status": "ok",
      "buys": 0,
      "sells": 2,
      "trades": 2,
      "fees": 5.3231059120892175,
      "positions": 1,
      "equity": 19960.900769723117,
      "cash": 16786.02896507377,
      "note": ""
    },
    {
      "ts": 1772383773,
      "duration_ms": 2872,
      "status": "ok",
      "buys": 0,
      "sells": 0,
      "trades": 0,
      "fees": 0.0,
      "positions": 3,
      "equity": 19967.4875200071,
      "cash": 11468.246158896642,
      "note": ""
    },
    {
      "ts": 1772383473,
      "duration_ms": 2813,
      "status": "ok",
      "buys": 0,
      "sells": 0,
      "trades": 0,
      "fees": 0.0,
      "positions": 3,
      "equity": 20094.87187918644,
      "cash": 11468.246158896642,
      "note": ""
    },
    {
      "ts": 1772383159,
      "duration_ms": 3969,
      "status": "ok",
      "buys": 0,
      "sells": 0,
      "trades": 0,
      "fees": 0.0,
      "positions": 3,
      "equity": 20106.29649596597,
      "cash": 11468.246158896642,
      "note": ""
    },
    {
      "ts": 1772382833,
      "duration_ms": 2918,
      "status": "ok",
      "buys": 0,
      "sells": 0,
      "trades": 0,
      "fees": 0.0,
      "positions": 3,
      "equity": 20108.50452480529,
      "cash": 11468.246158896642,
      "note": ""
    },
    {
      "ts": 1772382528,
      "duration_ms": 4101,
      "status": "ok",
      "buys": 0,
      "sells": 0,
      "trades": 0,
      "fees": 0.0,
      "positions": 3,
      "equity": 20116.466657713845,
      "cash": 11468.246158896642,
      "note": ""
    },
    {
      "ts": 1772382214,
      "duration_ms": 3446,
      "status": "ok",
      "buys": 0,
      "sells": 0,
      "trades": 0,
      "fees": 0.0,
      "positions": 3,
      "equity": 20081.46826697867,
      "cash": 11468.246158896642,
      "note": ""
    },
    {
      "ts": 1772381889,
      "duration_ms": 4171,
      "status": "ok",
      "buys": 0,
      "sells": 0,
      "trades": 0,
      "fees": 0.0,
      "positions": 3,
      "equity": 20101.330439604462,
      "cash": 11468.246158896642,
      "note": ""
    },
    {
      "ts": 1772381573,
      "duration_ms": 2962,
      "status": "ok",
      "buys": 0,
      "sells": 0,
      "trades": 0,
      "fees": 0.0,
      "positions": 3,
      "equity": 20096.728696990027,
      "cash": 11468.246158896642,
      "note": ""
    },
    {
      "ts": 1772381266,
      "duration_ms": 2841,
      "status": "ok",
      "buys": 0,
      "sells": 0,
      "trades": 0,
      "fees": 0.0,
      "positions": 3,
      "equity": 20096.659759869228,
      "cash": 11468.246158896642,
      "note": ""
    },
    {
      "ts": 1772380942,
      "duration_ms": 3128,
      "status": "ok",
      "buys": 0,
      "sells": 0,
      "trades": 0,
      "fees": 0.0,
      "positions": 3,
      "equity": 20074.5819481029,
      "cash": 11468.246158896642,
      "note": ""
    },
    {
      "ts": 1772380636,
      "duration_ms": 3030,
      "status": "ok",
      "buys": 0,
      "sells": 0,
      "trades": 0,
      "fees": 0.0,
      "positions": 3,
      "equity": 20106.69939693606,
      "cash": 11468.246158896642,
      "note": ""
    },
    {
      "ts": 1772380313,
      "duration_ms": 2834,
      "status": "ok",
      "buys": 0,
      "sells": 0,
      "trades": 0,
      "fees": 0.0,
      "positions": 3,
      "equity": 20141.697408806758,
      "cash": 11468.246158896642,
      "note": ""
    },
    {
      "ts": 1772380005,
      "duration_ms": 2705,
      "status": "ok",
      "buys": 0,
      "sells": 0,
      "trades": 0,
      "fees": 0.0,
      "positions": 3,
      "equity": 20145.327403604486,
      "cash": 11468.246158896642,
      "note": ""
    },
    {
      "ts": 1772379682,
      "duration_ms": 2913,
      "status": "ok",
      "buys": 0,
      "sells": 0,
      "trades": 0,
      "fees": 0.0,
      "positions": 3,
      "equity": 20153.18413935612,
      "cash": 11468.246158896642,
      "note": ""
    },
    {
      "ts": 1772379354,
      "duration_ms": 3229,
      "status": "ok",
      "buys": 0,
      "sells": 0,
      "trades": 0,
      "fees": 0.0,
      "positions": 3,
      "equity": 20146.89918963514,
      "cash": 11468.246158896642,
      "note": ""
    },
    {
      "ts": 1772379053,
      "duration_ms": 3163,
      "status": "ok",
      "buys": 0,
      "sells": 0,
      "trades": 0,
      "fees": 0.0,
      "positions": 3,
      "equity": 20132.076944824574,
      "cash": 11468.246158896642,
      "note": ""
    },
    {
      "ts": 1772378737,
      "duration_ms": 5235,
      "status": "ok",
      "buys": 0,
      "sells": 0,
      "trades": 0,
      "fees": 0.0,
      "positions": 3,
      "equity": 20129.481918455822,
      "cash": 11468.246158896642,
      "note": ""
    },
    {
      "ts": 1772378408,
      "duration_ms": 4052,
      "status": "ok",
      "buys": 1,
      "sells": 0,
      "trades": 1,
      "fees": 2.867778484345247,
      "positions": 3,
      "equity": 20137.186556145876,
      "cash": 11468.246158896642,
      "note": ""
    },
    {
      "ts": 1772378093,
      "duration_ms": 2907,
      "status": "ok",
      "buys": 0,
      "sells": 0,
      "trades": 0,
      "fees": 0.0,
      "positions": 2,
      "equity": 20138.06057515398,
      "cash": 14338.892421726234,
      "note": ""
    },
    {
      "ts": 1772377792,
      "duration_ms": 2696,
      "status": "ok",
      "buys": 0,
      "sells": 0,
      "trades": 0,
      "fees": 0.0,
      "positions": 2,
      "equity": 20125.27461675322,
      "cash": 14338.892421726234,
      "note": ""
    },
    {
      "ts": 1772377473,
      "duration_ms": 2972,
      "status": "ok",
      "buys": 0,
      "sells": 0,
      "trades": 0,
      "fees": 0.0,
      "positions": 2,
      "equity": 20123.759324531547,
      "cash": 14338.892421726234,
      "note": ""
    },
    {
      "ts": 1772377165,
      "duration_ms": 2785,
      "status": "ok",
      "buys": 0,
      "sells": 0,
      "trades": 0,
      "fees": 0.0,
      "positions": 2,
      "equity": 20113.32541360546,
      "cash": 14338.892421726234,
      "note": ""
    },
    {
      "ts": 1772376833,
      "duration_ms": 3036,
      "status": "ok",
      "buys": 0,
      "sells": 0,
      "trades": 0,
      "fees": 0.0,
      "positions": 2,
      "equity": 20102.98710216631,
      "cash": 14338.892421726234,
      "note": ""
    },
    {
      "ts": 1772376532,
      "duration_ms": 3257,
      "status": "ok",
      "buys": 0,
      "sells": 0,
      "trades": 0,
      "fees": 0.0,
      "positions": 2,
      "equity": 20112.310413634586,
      "cash": 14338.892421726234,
      "note": ""
    },
    {
      "ts": 1772376213,
      "duration_ms": 2959,
      "status": "ok",
      "buys": 0,
      "sells": 0,
      "trades": 0,
      "fees": 0.0,
      "positions": 2,
      "equity": 20099.96014176951,
      "cash": 14338.892421726234,
      "note": ""
    },
    {
      "ts": 1772375888,
      "duration_ms": 3584,
      "status": "ok",
      "buys": 0,
      "sells": 0,
      "trades": 0,
      "fees": 0.0,
      "positions": 2,
      "equity": 20115.186383138738,
      "cash": 14338.892421726234,
      "note": ""
    },
    {
      "ts": 1772375572,
      "duration_ms": 2900,
      "status": "ok",
      "buys": 0,
      "sells": 0,
      "trades": 0,
      "fees": 0.0,
      "positions": 2,
      "equity": 20122.10076968094,
      "cash": 14338.892421726234,
      "note": ""
    },
    {
      "ts": 1772375272,
      "duration_ms": 3091,
      "status": "ok",
      "buys": 0,
      "sells": 0,
      "trades": 0,
      "fees": 0.0,
      "positions": 2,
      "equity": 20114.39780638146,
      "cash": 14338.892421726234,
      "note": ""
    },
    {
      "ts": 1772374960,
      "duration_ms": 3127,
      "status": "ok",
      "buys": 0,
      "sells": 0,
      "trades": 0,
      "fees": 0.0,
      "positions": 2,
      "equity": 20118.028523381185,
      "cash": 14338.892421726234,
      "note": ""
    },
    {
      "ts": 1772374644,
      "duration_ms": 2848,
      "status": "ok",
      "buys": 0,
      "sells": 1,
      "trades": 1,
      "fees": 4.046642370831956,
      "positions": 2,
      "equity": 20141.418246856272,
      "cash": 14338.892421726234,
      "note": ""
    },
    {
      "ts": 1772374329,
      "duration_ms": 4250,
      "status": "ok",
      "buys": 2,
      "sells": 0,
      "trades": 2,
      "fees": 5.79391996928294,
      "positions": 3,
      "equity": 20130.52337308242,
      "cash": 10296.29669326511,
      "note": ""
    },
    {
      "ts": 1772374013,
      "duration_ms": 2896,
      "status": "ok",
      "buys": 0,
      "sells": 0,
      "trades": 0,
      "fees": 0.0,
      "positions": 1,
      "equity": 20157.549774871783,
      "cash": 16096.010582517334,
      "note": ""
    },
    {
      "ts": 1772373700,
      "duration_ms": 3798,
      "status": "ok",
      "buys": 1,
      "sells": 0,
      "trades": 1,
      "fees": 4.025008897853797,
      "positions": 1,
      "equity": 20121.01948037113,
      "cash": 16096.010582517334,
      "note": ""
    },
    {
      "ts": 1772373384,
      "duration_ms": 3074,
      "status": "ok",
      "buys": 0,
      "sells": 0,
      "trades": 0,
      "fees": 0.0,
      "positions": 0,
      "equity": 20125.044489268985,
      "cash": 20125.044489268985,
      "note": ""
    },
    {
      "ts": 1772373070,
      "duration_ms": 3739,
      "status": "ok",
      "buys": 0,
      "sells": 0,
      "trades": 0,
      "fees": 0.0,
      "positions": 0,
      "equity": 20125.044489268985,
      "cash": 20125.044489268985,
      "note": ""
    },
    {
      "ts": 1772372752,
      "duration_ms": 2915,
      "status": "ok",
      "buys": 0,
      "sells": 0,
      "trades": 0,
      "fees": 0.0,
      "positions": 0,
      "equity": 20125.044489268985,
      "cash": 20125.044489268985,
      "note": ""
    },
    {
      "ts": 1772372439,
      "duration_ms": 3576,
      "status": "ok",
      "buys": 0,
      "sells": 0,
      "trades": 0,
      "fees": 0.0,
      "positions": 0,
      "equity": 20125.044489268985,
      "cash": 20125.044489268985,
      "note": ""
    },
    {
      "ts": 1772372112,
      "duration_ms": 2883,
      "status": "ok",
      "buys": 0,
      "sells": 0,
      "trades": 0,
      "fees": 0.0,
      "positions": 0,
      "equity": 20125.044489268985,
      "cash": 20125.044489268985,
      "note": ""
    },
    {
      "ts": 1772371792,
      "duration_ms": 2943,
      "status": "ok",
      "buys": 0,
      "sells": 0,
      "trades": 0,
      "fees": 0.0,
      "positions": 0,
      "equity": 20125.044489268985,
      "cash": 20125.044489268985,
      "note": ""
    },
    {
      "ts": 1772371483,
      "duration_ms": 2777,
      "status": "ok",
      "buys": 0,
      "sells": 0,
      "trades": 0,
      "fees": 0.0,
      "positions": 0,
      "equity": 20125.044489268985,
      "cash": 20125.044489268985,
      "note": ""
    },
    {
      "ts": 1772371178,
      "duration_ms": 3071,
      "status": "ok",
      "buys": 0,
      "sells": 0,
      "trades": 0,
      "fees": 0.0,
      "positions": 0,
      "equity": 20125.044489268985,
      "cash": 20125.044489268985,
      "note": ""
    },
    {
      "ts": 1772370862,
      "duration_ms": 2883,
      "status": "ok",
      "buys": 0,
      "sells": 0,
      "trades": 0,
      "fees": 0.0,
      "positions": 0,
      "equity": 20125.044489268985,
      "cash": 20125.044489268985,
      "note": ""
    },
    {
      "ts": 1772370548,
      "duration_ms": 3109,
      "status": "ok",
      "buys": 0,
      "sells": 0,
      "trades": 0,
      "fees": 0.0,
      "positions": 0,
      "equity": 20125.044489268985,
      "cash": 20125.044489268985,
      "note": ""
    },
    {
      "ts": 1772370232,
      "duration_ms": 2894,
      "status": "ok",
      "buys": 0,
      "sells": 0,
      "trades": 0,
      "fees": 0.0,
      "positions": 0,
      "equity": 20125.044489268985,
      "cash": 20125.044489268985,
      "note": ""
    },
    {
      "ts": 1772369917,
      "duration_ms": 2993,
      "status": "ok",
      "buys": 0,
      "sells": 0,
      "trades": 0,
      "fees": 0.0,
      "positions": 0,
      "equity": 20125.044489268985,
      "cash": 20125.044489268985,
      "note": ""
    },
    {
      "ts": 1772369602,
      "duration_ms": 2764,
      "status": "ok",
      "buys": 0,
      "sells": 0,
      "trades": 0,
      "fees": 0.0,
      "positions": 0,
      "equity": 20125.044489268985,
      "cash": 20125.044489268985,
      "note": ""
    },
    {
      "ts": 1772369272,
      "duration_ms": 3067,
      "status": "ok",
      "buys": 0,
      "sells": 0,
      "trades": 0,
      "fees": 0.0,
      "positions": 0,
      "equity": 20125.044489268985,
      "cash": 20125.044489268985,
      "note": ""
    },
    {
      "ts": 1772368971,
      "duration_ms": 3150,
      "status": "ok",
      "buys": 0,
      "sells": 0,
      "trades": 0,
      "fees": 0.0,
      "positions": 0,
      "equity": 20125.044489268985,
      "cash": 20125.044489268985,
      "note": ""
    },
    {
      "ts": 1772368653,
      "duration_ms": 3031,
      "status": "ok",
      "buys": 0,
      "sells": 0,
      "trades": 0,
      "fees": 0.0,
      "positions": 0,
      "equity": 20125.044489268985,
      "cash": 20125.044489268985,
      "note": ""
    },
    {
      "ts": 1772368327,
      "duration_ms": 3231,
      "status": "ok",
      "buys": 0,
      "sells": 0,
      "trades": 0,
      "fees": 0.0,
      "positions": 0,
      "equity": 20125.044489268985,
      "cash": 20125.044489268985,
      "note": ""
    },
    {
      "ts": 1772368013,
      "duration_ms": 3254,
      "status": "ok",
      "buys": 0,
      "sells": 0,
      "trades": 0,
      "fees": 0.0,
      "positions": 0,
      "equity": 20125.044489268985,
      "cash": 20125.044489268985,
      "note": ""
    },
    {
      "ts": 1772367711,
      "duration_ms": 3210,
      "status": "ok",
      "buys": 0,
      "sells": 0,
      "trades": 0,
      "fees": 0.0,
      "positions": 0,
      "equity": 20125.044489268985,
      "cash": 20125.044489268985,
      "note": ""
    },
    {
      "ts": 1772367392,
      "duration_ms": 2982,
      "status": "ok",
      "buys": 0,
      "sells": 0,
      "trades": 0,
      "fees": 0.0,
      "positions": 0,
      "equity": 20125.044489268985,
      "cash": 20125.044489268985,
      "note": ""
    },
    {
      "ts": 1772367078,
      "duration_ms": 3432,
      "status": "ok",
      "buys": 0,
      "sells": 0,
      "trades": 0,
      "fees": 0.0,
      "positions": 0,
      "equity": 20125.044489268985,
      "cash": 20125.044489268985,
      "note": ""
    },
    {
      "ts": 1772366753,
      "duration_ms": 3453,
      "status": "ok",
      "buys": 0,
      "sells": 0,
      "trades": 0,
      "fees": 0.0,
      "positions": 0,
      "equity": 20125.044489268985,
      "cash": 20125.044489268985,
      "note": ""
    },
    {
      "ts": 1772366445,
      "duration_ms": 3372,
      "status": "ok",
      "buys": 0,
      "sells": 0,
      "trades": 0,
      "fees": 0.0,
      "positions": 0,
      "equity": 20125.044489268985,
      "cash": 20125.044489268985,
      "note": ""
    },
    {
      "ts": 1772366112,
      "duration_ms": 2959,
      "status": "ok",
      "buys": 0,
      "sells": 0,
      "trades": 0,
      "fees": 0.0,
      "positions": 0,
      "equity": 20125.044489268985,
      "cash": 20125.044489268985,
      "note": ""
    },
    {
      "ts": 1772365808,
      "duration_ms": 3427,
      "status": "ok",
      "buys": 0,
      "sells": 0,
      "trades": 0,
      "fees": 0.0,
      "positions": 0,
      "equity": 20125.044489268985,
      "cash": 20125.044489268985,
      "note": ""
    },
    {
      "ts": 1772365499,
      "duration_ms": 3488,
      "status": "ok",
      "buys": 0,
      "sells": 0,
      "trades": 0,
      "fees": 0.0,
      "positions": 0,
      "equity": 20125.044489268985,
      "cash": 20125.044489268985,
      "note": ""
    },
    {
      "ts": 1772365194,
