{
  "as_of": "2026-02-28T07:14:52.606044+00:00",
  "prices": {
    "BTCUSDT": 63765.29,
    "ETHUSDT": 1862.67,
    "SOLUSDT": 78.53
  },
  "positions": [],
  "trades": [
    {
      "id": 20,
      "symbol": "BTCUSDT",
      "side": "SELL",
      "qty": 0.050880650606436054,
      "price": 65753.32,
      "ts": 1772251900
    },
    {
      "id": 19,
      "symbol": "SOLUSDT",
      "side": "SELL",
      "qty": 38.905972091027614,
      "price": 81.75,
      "ts": 1772250952
    },
    {
      "id": 18,
      "symbol": "BTCUSDT",
      "side": "BUY",
      "qty": 0.050880650606436054,
      "price": 65825.13,
      "ts": 1772250950
    },
    {
      "id": 17,
      "symbol": "ETHUSDT",
      "side": "SELL",
      "qty": 2.0659699754657836,
      "price": 1923.23,
      "ts": 1772250004
    },
    {
      "id": 16,
      "symbol": "BTCUSDT",
      "side": "SELL",
      "qty": 0.038743510343579465,
      "price": 65988.68,
      "ts": 1772247134
    },
    {
      "id": 15,
      "symbol": "BTCUSDT",
      "side": "BUY",
      "qty": 0.038743510343579465,
      "price": 65947.38,
      "ts": 1772240365
    },
    {
      "id": 14,
      "symbol": "SOLUSDT",
      "side": "BUY",
      "qty": 38.905972091027614,
      "price": 82.09,
      "ts": 1772239432
    },
    {
      "id": 13,
      "symbol": "ETHUSDT",
      "side": "BUY",
      "qty": 2.0659699754657836,
      "price": 1932.38,
      "ts": 1772237860
    },
    {
      "id": 12,
      "symbol": "BTCUSDT",
      "side": "SELL",
      "qty": 0.06058880752538608,
      "price": 65861.91,
      "ts": 1772236610
    },
    {
      "id": 11,
      "symbol": "BTCUSDT",
      "side": "BUY",
      "qty": 0.06058880752538608,
      "price": 65897.9,
      "ts": 1772236300
    },
    {
      "id": 10,
      "symbol": "SOLUSDT",
      "side": "SELL",
      "qty": 48.706604282176535,
      "price": 81.91,
      "ts": 1772235700
    },
    {
      "id": 9,
      "symbol": "SOLUSDT",
      "side": "BUY",
      "qty": 48.706604282176535,
      "price": 81.99,
      "ts": 1772235372
    },
    {
      "id": 8,
      "symbol": "ETHUSDT",
      "side": "SELL",
      "qty": 2.073507138374704,
      "price": 1923.63,
      "ts": 1772234151
    },
    {
      "id": 7,
      "symbol": "ETHUSDT",
      "side": "BUY",
      "qty": 2.073507138374704,
      "price": 1926.52,
      "ts": 1772233851
    },
    {
      "id": 6,
      "symbol": "BTCUSDT",
      "side": "SELL",
      "qty": 0.04879743301103645,
      "price": 65308.51,
      "ts": 1772231962
    },
    {
      "id": 5,
      "symbol": "ETHUSDT",
      "side": "SELL",
      "qty": 1.7411267613998993,
      "price": 1921.06,
      "ts": 1772229755
    },
    {
      "id": 4,
      "symbol": "ETHUSDT",
      "side": "BUY",
      "qty": 1.7411267613998993,
      "price": 1930.01,
      "ts": 1772227208
    },
    {
      "id": 3,
      "symbol": "SOLUSDT",
      "side": "SELL",
      "qty": 49.00759617740749,
      "price": 81.66,
      "ts": 1772226892
    },
    {
      "id": 2,
      "symbol": "BTCUSDT",
      "side": "BUY",
      "qty": 0.04879743301103645,
      "price": 65577.22,
      "ts": 1772226891
    },
    {
      "id": 1,
      "symbol": "SOLUSDT",
      "side": "BUY",
      "qty": 49.00759617740749,
      "price": 81.62,
      "ts": 1772226290
    }
  ],
  "equity": [
    {
      "ts": 1772222708,
      "equity": 20000.0,
      "cash": 20000.0
    },
    {
      "ts": 1772222867,
      "equity": 20000.0,
      "cash": 20000.0
    },
    {
      "ts": 1772223173,
      "equity": 20000.0,
      "cash": 20000.0
    },
    {
      "ts": 1772223480,
      "equity": 20000.0,
      "cash": 20000.0
    },
    {
      "ts": 1772223795,
      "equity": 20000.0,
      "cash": 20000.0
    },
    {
      "ts": 1772224110,
      "equity": 20000.0,
      "cash": 20000.0
    },
    {
      "ts": 1772224426,
      "equity": 20000.0,
      "cash": 20000.0
    },
    {
      "ts": 1772224740,
      "equity": 20000.0,
      "cash": 20000.0
    },
    {
      "ts": 1772225038,
      "equity": 20000.0,
      "cash": 20000.0
    },
    {
      "ts": 1772225341,
      "equity": 20000.0,
      "cash": 20000.0
    },
    {
      "ts": 1772225650,
      "equity": 20000.0,
      "cash": 20000.0
    },
    {
      "ts": 1772225973,
      "equity": 20000.0,
      "cash": 20000.0
    },
    {
      "ts": 1772226290,
      "equity": 20000.0,
      "cash": 16000.0
    },
    {
      "ts": 1772226592,
      "equity": 20004.90075961774,
      "cash": 16000.0
    },
    {
      "ts": 1772226892,
      "equity": 20001.960303847096,
      "cash": 16801.960303847096
    },
    {
      "ts": 1772227209,
      "equity": 20007.254825328793,
      "cash": 13441.568243077676
    },
    {
      "ts": 1772227532,
      "equity": 20013.591490676386,
      "cash": 13441.568243077676
    },
    {
      "ts": 1772227852,
      "equity": 20007.950808608544,
      "cash": 13441.568243077676
    },
    {
      "ts": 1772228170,
      "equity": 19997.015822208734,
      "cash": 13441.568243077676
    },
    {
      "ts": 1772228495,
      "equity": 19997.732344883127,
      "cash": 13441.568243077676
    },
    {
      "ts": 1772228811,
      "equity": 19996.34374629742,
      "cash": 13441.568243077676
    },
    {
      "ts": 1772229112,
      "equity": 19993.10189297573,
      "cash": 13441.568243077676
    },
    {
      "ts": 1772229441,
      "equity": 19977.88833384747,
      "cash": 13441.568243077676
    },
    {
      "ts": 1772229756,
      "equity": 19984.566834567857,
      "cash": 16786.377219332568
    },
    {
      "ts": 1772230071,
      "equity": 19981.017309290633,
      "cash": 16786.377219332568
    },
    {
      "ts": 1772230372,
      "equity": 19983.975409679762,
      "cash": 16786.377219332568
    },
    {
      "ts": 1772230689,
      "equity": 19987.43905147489,
      "cash": 16786.377219332568
    },
    {
      "ts": 1772230992,
      "equity": 19980.20336810801,
      "cash": 16786.377219332568
    },
    {
      "ts": 1772231332,
      "equity": 19980.02184165721,
      "cash": 16786.377219332568
    },
    {
      "ts": 1772231632,
      "equity": 19978.74042106634,
      "cash": 16786.377219332568
    },
    {
      "ts": 1772231964,
      "equity": 19973.26486110817,
      "cash": 19973.26486110817
    },
    {
      "ts": 1772232273,
      "equity": 19973.26486110817,
      "cash": 19973.26486110817
    },
    {
      "ts": 1772232592,
      "equity": 19973.26486110817,
      "cash": 19973.26486110817
    },
    {
      "ts": 1772232903,
      "equity": 19973.26486110817,
      "cash": 19973.26486110817
    },
    {
      "ts": 1772233210,
      "equity": 19973.26486110817,
      "cash": 19973.26486110817
    },
    {
      "ts": 1772233532,
      "equity": 19973.26486110817,
      "cash": 19973.26486110817
    },
    {
      "ts": 1772233852,
      "equity": 19973.26486110817,
      "cash": 15978.611888886537
    },
    {
      "ts": 1772234153,
      "equity": 19967.27242547827,
      "cash": 19967.27242547827
    },
    {
      "ts": 1772234462,
      "equity": 19967.27242547827,
      "cash": 19967.27242547827
    },
    {
      "ts": 1772234769,
      "equity": 19967.27242547827,
      "cash": 19967.27242547827
    },
    {
      "ts": 1772235070,
      "equity": 19967.27242547827,
      "cash": 19967.27242547827
    },
    {
      "ts": 1772235372,
      "equity": 19967.27242547827,
      "cash": 15973.817940382616
    },
    {
      "ts": 1772235700,
      "equity": 19963.375897135695,
      "cash": 19963.375897135695
    },
    {
      "ts": 1772236002,
      "equity": 19963.375897135695,
      "cash": 19963.375897135695
    },
    {
      "ts": 1772236302,
      "equity": 19963.375897135695,
      "cash": 15970.700717708556
    },
    {
      "ts": 1772236612,
      "equity": 19961.195305952857,
      "cash": 19961.195305952857
    },
    {
      "ts": 1772236915,
      "equity": 19961.195305952857,
      "cash": 19961.195305952857
    },
    {
      "ts": 1772237231,
      "equity": 19961.195305952857,
      "cash": 19961.195305952857
    },
    {
      "ts": 1772237545,
      "equity": 19961.195305952857,
      "cash": 19961.195305952857
    },
    {
      "ts": 1772237861,
      "equity": 19961.195305952857,
      "cash": 15968.956244762285
    },
    {
      "ts": 1772238172,
      "equity": 19953.571876743386,
      "cash": 15968.956244762285
    },
    {
      "ts": 1772238472,
      "equity": 19945.886468434655,
      "cash": 15968.956244762285
    },
    {
      "ts": 1772238807,
      "equity": 19952.78680815271,
      "cash": 15968.956244762285
    },
    {
      "ts": 1772239108,
      "equity": 19952.12569776056,
      "cash": 15968.956244762285
    },
    {
      "ts": 1772239432,
      "equity": 19962.37290883887,
      "cash": 12775.164995809828
    },
    {
      "ts": 1772239753,
      "equity": 19959.81129381611,
      "cash": 12775.164995809828
    },
    {
      "ts": 1772240067,
      "equity": 19959.398099821017,
      "cash": 12775.164995809828
    },
    {
      "ts": 1772240368,
      "equity": 19960.695998584317,
      "cash": 10220.131996647862
    },
    {
      "ts": 1772240672,
      "equity": 19975.991838482412,
      "cash": 10220.131996647862
    },
    {
      "ts": 1772240973,
      "equity": 19952.219880898665,
      "cash": 10220.131996647862
    },
    {
      "ts": 1772241282,
      "equity": 19954.73210348846,
      "cash": 10220.131996647862
    },
    {
      "ts": 1772241592,
      "equity": 19961.907657766737,
      "cash": 10220.131996647862
    },
    {
      "ts": 1772241908,
      "equity": 19966.94435151555,
      "cash": 10220.131996647862
    },
    {
      "ts": 1772242210,
      "equity": 19939.59767652661,
      "cash": 10220.131996647862
    },
    {
      "ts": 1772242512,
      "equity": 19931.612010749082,
      "cash": 10220.131996647862
    },
    {
      "ts": 1772242813,
      "equity": 19943.086243961865,
      "cash": 10220.131996647862
    },
    {
      "ts": 1772243130,
      "equity": 19925.180975627685,
      "cash": 10220.131996647862
    },
    {
      "ts": 1772243430,
      "equity": 19944.101087079933,
      "cash": 10220.131996647862
    },
    {
      "ts": 1772243752,
      "equity": 19938.442560130246,
      "cash": 10220.131996647862
    },
    {
      "ts": 1772244075,
      "equity": 19928.882658757306,
      "cash": 10220.131996647862
    },
    {
      "ts": 1772244391,
      "equity": 19932.90405015616,
      "cash": 10220.131996647862
    },
    {
      "ts": 1772244702,
      "equity": 19944.28158517276,
      "cash": 10220.131996647862
    },
    {
      "ts": 1772245012,
      "equity": 19943.868326249736,
      "cash": 10220.131996647862
    },
    {
      "ts": 1772245313,
      "equity": 19957.43155359326,
      "cash": 10220.131996647862
    },
    {
      "ts": 1772245614,
      "equity": 19953.548990996904,
      "cash": 10220.131996647862
    },
    {
      "ts": 1772245921,
      "equity": 19957.35757269886,
      "cash": 10220.131996647862
    },
    {
      "ts": 1772246221,
      "equity": 19956.34456354781,
      "cash": 10220.131996647862
    },
    {
      "ts": 1772246529,
      "equity": 19956.150835478806,
      "cash": 10220.131996647862
    },
    {
      "ts": 1772246833,
      "equity": 19957.93580227467,
      "cash": 10220.131996647862
    },
    {
      "ts": 1772247136,
      "equity": 19963.476995275134,
      "cash": 12776.765102787018
    },
    {
      "ts": 1772247452,
      "equity": 19961.393840174343,
      "cash": 12776.765102787018
    },
    {
      "ts": 1772247651,
      "equity": 19958.656523830257,
      "cash": 12776.765102787018
    },
    {
      "ts": 1772247708,
      "equity": 19955.6954253633,
      "cash": 12776.765102787018
    },
    {
      "ts": 1772247814,
      "equity": 19951.787455282058,
      "cash": 12776.765102787018
    },
    {
      "ts": 1772248127,
      "equity": 19949.508126907003,
      "cash": 12776.765102787018
    },
    {
      "ts": 1772248433,
      "equity": 19953.863848980807,
      "cash": 12776.765102787018
    },
    {
      "ts": 1772248758,
      "equity": 19956.614875875788,
      "cash": 12776.765102787018
    },
    {
      "ts": 1772249073,
      "equity": 19957.78205503852,
      "cash": 12776.765102787018
    },
    {
      "ts": 1772249388,
      "equity": 19948.612998415512,
      "cash": 12776.765102787018
    },
    {
      "ts": 1772249692,
      "equity": 19938.345503131073,
      "cash": 12776.765102787018
    },
    {
      "ts": 1772250007,
      "equity": 19922.799824498565,
      "cash": 16746.12720326616
    },
    {
      "ts": 1772250333,
      "equity": 19922.799824498565,
      "cash": 16746.12720326616
    },
    {
      "ts": 1772250642,
      "equity": 19925.91230226585,
      "cash": 16746.12720326616
    },
    {
      "ts": 1772250952,
      "equity": 19920.160633048577,
      "cash": 16570.935192395344
    },
    {
      "ts": 1772251272,
      "equity": 19918.74716857473,
      "cash": 16570.935192395344
    },
    {
      "ts": 1772251593,
      "equity": 19917.433430176072,
      "cash": 16570.935192395344
    },
    {
      "ts": 1772251902,
      "equity": 19913.161321827396,
      "cash": 19913.161321827396
    },
    {
      "ts": 1772252212,
      "equity": 19913.161321827396,
      "cash": 19913.161321827396
    },
    {
      "ts": 1772252529,
      "equity": 19913.161321827396,
      "cash": 19913.161321827396
    },
    {
      "ts": 1772252854,
      "equity": 19913.161321827396,
      "cash": 19913.161321827396
    },
    {
      "ts": 1772253171,
      "equity": 19913.161321827396,
      "cash": 19913.161321827396
    },
    {
      "ts": 1772253472,
      "equity": 19913.161321827396,
      "cash": 19913.161321827396
    },
    {
      "ts": 1772253800,
      "equity": 19913.161321827396,
      "cash": 19913.161321827396
    },
    {
      "ts": 1772254115,
      "equity": 19913.161321827396,
      "cash": 19913.161321827396
    },
    {
      "ts": 1772254431,
      "equity": 19913.161321827396,
      "cash": 19913.161321827396
    },
    {
      "ts": 1772254733,
      "equity": 19913.161321827396,
      "cash": 19913.161321827396
    },
    {
      "ts": 1772255049,
      "equity": 19913.161321827396,
      "cash": 19913.161321827396
    },
    {
      "ts": 1772255366,
      "equity": 19913.161321827396,
      "cash": 19913.161321827396
    },
    {
      "ts": 1772255692,
      "equity": 19913.161321827396,
      "cash": 19913.161321827396
    },
    {
      "ts": 1772255993,
      "equity": 19913.161321827396,
      "cash": 19913.161321827396
    },
    {
      "ts": 1772256310,
      "equity": 19913.161321827396,
      "cash": 19913.161321827396
    },
    {
      "ts": 1772256610,
      "equity": 19913.161321827396,
      "cash": 19913.161321827396
    },
    {
      "ts": 1772256920,
      "equity": 19913.161321827396,
      "cash": 19913.161321827396
    },
    {
      "ts": 1772257222,
      "equity": 19913.161321827396,
      "cash": 19913.161321827396
    },
    {
      "ts": 1772257538,
      "equity": 19913.161321827396,
      "cash": 19913.161321827396
    },
    {
      "ts": 1772257852,
      "equity": 19913.161321827396,
      "cash": 19913.161321827396
    },
    {
      "ts": 1772258169,
      "equity": 19913.161321827396,
      "cash": 19913.161321827396
    },
    {
      "ts": 1772258483,
      "equity": 19913.161321827396,
      "cash": 19913.161321827396
    },
    {
      "ts": 1772258799,
      "equity": 19913.161321827396,
      "cash": 19913.161321827396
    },
    {
      "ts": 1772259112,
      "equity": 19913.161321827396,
      "cash": 19913.161321827396
    },
    {
      "ts": 1772259429,
      "equity": 19913.161321827396,
      "cash": 19913.161321827396
    },
    {
      "ts": 1772259732,
      "equity": 19913.161321827396,
      "cash": 19913.161321827396
    },
    {
      "ts": 1772260059,
      "equity": 19913.161321827396,
      "cash": 19913.161321827396
    },
    {
      "ts": 1772260372,
      "equity": 19913.161321827396,
      "cash": 19913.161321827396
    },
    {
      "ts": 1772260689,
      "equity": 19913.161321827396,
      "cash": 19913.161321827396
    },
    {
      "ts": 1772261005,
      "equity": 19913.161321827396,
      "cash": 19913.161321827396
    },
    {
      "ts": 1772261319,
      "equity": 19913.161321827396,
      "cash": 19913.161321827396
    },
    {
      "ts": 1772261632,
      "equity": 19913.161321827396,
      "cash": 19913.161321827396
    },
    {
      "ts": 1772261950,
      "equity": 19913.161321827396,
      "cash": 19913.161321827396
    },
    {
      "ts": 1772262264,
      "equity": 19913.161321827396,
      "cash": 19913.161321827396
    },
    {
      "ts": 1772262581,
      "equity": 19913.161321827396,
      "cash": 19913.161321827396
    },
    {
      "ts": 1772262892,
      "equity": 19913.161321827396,
      "cash": 19913.161321827396
    }
  ],
  "metrics": [
    {
      "ts": 1772262892,
      "duration_ms": 3282,
      "status": "ok",
      "buys": 0,
      "sells": 0,
      "trades": 0,
      "fees": 0.0,
      "positions": 0,
      "equity": 19913.161321827396,
      "cash": 19913.161321827396,
      "note": ""
    },
    {
      "ts": 1772262581,
      "duration_ms": 3065,
      "status": "ok",
      "buys": 0,
      "sells": 0,
      "trades": 0,
      "fees": 0.0,
      "positions": 0,
      "equity": 19913.161321827396,
      "cash": 19913.161321827396,
      "note": ""
    },
    {
      "ts": 1772262264,
      "duration_ms": 3078,
      "status": "ok",
      "buys": 0,
      "sells": 0,
      "trades": 0,
      "fees": 0.0,
      "positions": 0,
      "equity": 19913.161321827396,
      "cash": 19913.161321827396,
      "note": ""
    },
    {
      "ts": 1772261950,
      "duration_ms": 3108,
      "status": "ok",
      "buys": 0,
      "sells": 0,
      "trades": 0,
      "fees": 0.0,
      "positions": 0,
      "equity": 19913.161321827396,
      "cash": 19913.161321827396,
      "note": ""
    },
    {
      "ts": 1772261632,
      "duration_ms": 3436,
      "status": "ok",
      "buys": 0,
      "sells": 0,
      "trades": 0,
      "fees": 0.0,
      "positions": 0,
      "equity": 19913.161321827396,
      "cash": 19913.161321827396,
      "note": ""
    },
    {
      "ts": 1772261319,
      "duration_ms": 2901,
      "status": "ok",
      "buys": 0,
      "sells": 0,
      "trades": 0,
      "fees": 0.0,
      "positions": 0,
      "equity": 19913.161321827396,
      "cash": 19913.161321827396,
      "note": ""
    },
    {
      "ts": 1772261005,
      "duration_ms": 3400,
      "status": "ok",
      "buys": 0,
      "sells": 0,
      "trades": 0,
      "fees": 0.0,
      "positions": 0,
      "equity": 19913.161321827396,
      "cash": 19913.161321827396,
      "note": ""
    },
    {
      "ts": 1772260689,
      "duration_ms": 3833,
      "status": "ok",
      "buys": 0,
      "sells": 0,
      "trades": 0,
      "fees": 0.0,
      "positions": 0,
      "equity": 19913.161321827396,
      "cash": 19913.161321827396,
      "note": ""
    },
    {
      "ts": 1772260372,
      "duration_ms": 3159,
      "status": "ok",
      "buys": 0,
      "sells": 0,
      "trades": 0,
      "fees": 0.0,
      "positions": 0,
      "equity": 19913.161321827396,
      "cash": 19913.161321827396,
      "note": ""
    },
    {
      "ts": 1772260059,
      "duration_ms": 3156,
      "status": "ok",
      "buys": 0,
      "sells": 0,
      "trades": 0,
      "fees": 0.0,
      "positions": 0,
      "equity": 19913.161321827396,
      "cash": 19913.161321827396,
      "note": ""
    },
    {
      "ts": 1772259732,
      "duration_ms": 3960,
      "status": "ok",
      "buys": 0,
      "sells": 0,
      "trades": 0,
      "fees": 0.0,
      "positions": 0,
      "equity": 19913.161321827396,
      "cash": 19913.161321827396,
      "note": ""
    },
    {
      "ts": 1772259429,
      "duration_ms": 3437,
      "status": "ok",
      "buys": 0,
      "sells": 0,
      "trades": 0,
      "fees": 0.0,
      "positions": 0,
      "equity": 19913.161321827396,
      "cash": 19913.161321827396,
      "note": ""
    },
    {
      "ts": 1772259112,
      "duration_ms": 3203,
      "status": "ok",
      "buys": 0,
      "sells": 0,
      "trades": 0,
      "fees": 0.0,
      "positions": 0,
      "equity": 19913.161321827396,
      "cash": 19913.161321827396,
      "note": ""
    },
    {
      "ts": 1772258799,
      "duration_ms": 3574,
      "status": "ok",
      "buys": 0,
      "sells": 0,
      "trades": 0,
      "fees": 0.0,
      "positions": 0,
      "equity": 19913.161321827396,
      "cash": 19913.161321827396,
      "note": ""
    },
    {
      "ts": 1772258483,
      "duration_ms": 3080,
      "status": "ok",
      "buys": 0,
      "sells": 0,
      "trades": 0,
      "fees": 0.0,
      "positions": 0,
      "equity": 19913.161321827396,
      "cash": 19913.161321827396,
      "note": ""
    },
    {
      "ts": 1772258169,
      "duration_ms": 3865,
      "status": "ok",
      "buys": 0,
      "sells": 0,
      "trades": 0,
      "fees": 0.0,
      "positions": 0,
      "equity": 19913.161321827396,
      "cash": 19913.161321827396,
      "note": ""
    },
    {
      "ts": 1772257852,
      "duration_ms": 3159,
      "status": "ok",
      "buys": 0,
      "sells": 0,
      "trades": 0,
      "fees": 0.0,
      "positions": 0,
      "equity": 19913.161321827396,
      "cash": 19913.161321827396,
      "note": ""
    },
    {
      "ts": 1772257538,
      "duration_ms": 3925,
      "status": "ok",
      "buys": 0,
      "sells": 0,
      "trades": 0,
      "fees": 0.0,
      "positions": 0,
      "equity": 19913.161321827396,
      "cash": 19913.161321827396,
      "note": ""
    },
    {
      "ts": 1772257222,
      "duration_ms": 3181,
      "status": "ok",
      "buys": 0,
      "sells": 0,
      "trades": 0,
      "fees": 0.0,
      "positions": 0,
      "equity": 19913.161321827396,
      "cash": 19913.161321827396,
      "note": ""
    },
    {
      "ts": 1772256920,
      "duration_ms": 3552,
      "status": "ok",
      "buys": 0,
      "sells": 0,
      "trades": 0,
      "fees": 0.0,
      "positions": 0,
      "equity": 19913.161321827396,
      "cash": 19913.161321827396,
      "note": ""
    },
    {
      "ts": 1772256610,
      "duration_ms": 3385,
      "status": "ok",
      "buys": 0,
      "sells": 0,
      "trades": 0,
      "fees": 0.0,
      "positions": 0,
      "equity": 19913.161321827396,
      "cash": 19913.161321827396,
      "note": ""
    },
    {
      "ts": 1772256310,
      "duration_ms": 4293,
      "status": "ok",
      "buys": 0,
      "sells": 0,
      "trades": 0,
      "fees": 0.0,
      "positions": 0,
      "equity": 19913.161321827396,
      "cash": 19913.161321827396,
      "note": ""
    },
    {
      "ts": 1772255993,
      "duration_ms": 3088,
      "status": "ok",
      "buys": 0,
      "sells": 0,
      "trades": 0,
      "fees": 0.0,
      "positions": 0,
      "equity": 19913.161321827396,
      "cash": 19913.161321827396,
      "note": ""
    },
    {
      "ts": 1772255692,
      "duration_ms": 3412,
      "status": "ok",
      "buys": 0,
      "sells": 0,
      "trades": 0,
      "fees": 0.0,
      "positions": 0,
      "equity": 19913.161321827396,
      "cash": 19913.161321827396,
      "note": ""
    },
    {
      "ts": 1772255366,
      "duration_ms": 4643,
      "status": "ok",
      "buys": 0,
      "sells": 0,
      "trades": 0,
      "fees": 0.0,
      "positions": 0,
      "equity": 19913.161321827396,
      "cash": 19913.161321827396,
      "note": ""
    },
    {
      "ts": 1772255049,
      "duration_ms": 3566,
      "status": "ok",
      "buys": 0,
      "sells": 0,
      "trades": 0,
      "fees": 0.0,
      "positions": 0,
      "equity": 19913.161321827396,
      "cash": 19913.161321827396,
      "note": ""
    },
    {
      "ts": 1772254733,
      "duration_ms": 2940,
      "status": "ok",
      "buys": 0,
      "sells": 0,
      "trades": 0,
      "fees": 0.0,
      "positions": 0,
      "equity": 19913.161321827396,
      "cash": 19913.161321827396,
      "note": ""
    },
    {
      "ts": 1772254431,
      "duration_ms": 3235,
      "status": "ok",
      "buys": 0,
      "sells": 0,
      "trades": 0,
      "fees": 0.0,
      "positions": 0,
      "equity": 19913.161321827396,
      "cash": 19913.161321827396,
      "note": ""
    },
    {
      "ts": 1772254115,
      "duration_ms": 3424,
      "status": "ok",
      "buys": 0,
      "sells": 0,
      "trades": 0,
      "fees": 0.0,
      "positions": 0,
      "equity": 19913.161321827396,
      "cash": 19913.161321827396,
      "note": ""
    },
    {
      "ts": 1772253800,
      "duration_ms": 3098,
      "status": "ok",
      "buys": 0,
      "sells": 0,
      "trades": 0,
      "fees": 0.0,
      "positions": 0,
      "equity": 19913.161321827396,
      "cash": 19913.161321827396,
      "note": ""
    },
    {
      "ts": 1772253472,
      "duration_ms": 3172,
      "status": "ok",
      "buys": 0,
      "sells": 0,
      "trades": 0,
      "fees": 0.0,
      "positions": 0,
      "equity": 19913.161321827396,
      "cash": 19913.161321827396,
      "note": ""
    },
    {
      "ts": 1772253171,
      "duration_ms": 3248,
      "status": "ok",
      "buys": 0,
      "sells": 0,
      "trades": 0,
      "fees": 0.0,
      "positions": 0,
      "equity": 19913.161321827396,
      "cash": 19913.161321827396,
      "note": ""
    },
    {
      "ts": 1772252855,
      "duration_ms": 3276,
      "status": "ok",
      "buys": 0,
      "sells": 0,
      "trades": 0,
      "fees": 0.0,
      "positions": 0,
      "equity": 19913.161321827396,
      "cash": 19913.161321827396,
      "note": ""
    },
    {
      "ts": 1772252529,
      "duration_ms": 4040,
      "status": "ok",
      "buys": 0,
      "sells": 0,
      "trades": 0,
      "fees": 0.0,
      "positions": 0,
      "equity": 19913.161321827396,
      "cash": 19913.161321827396,
      "note": ""
    },
    {
      "ts": 1772252212,
      "duration_ms": 3597,
      "status": "ok",
      "buys": 0,
      "sells": 0,
      "trades": 0,
      "fees": 0.0,
      "positions": 0,
      "equity": 19913.161321827396,
      "cash": 19913.161321827396,
      "note": ""
    },
    {
      "ts": 1772251902,
      "duration_ms": 3516,
      "status": "ok",
      "buys": 0,
      "sells": 1,
      "trades": 1,
      "fees": 3.3455717011331845,
      "positions": 0,
      "equity": 19913.161321827396,
      "cash": 19913.161321827396,
      "note": ""
    },
    {
      "ts": 1772251593,
      "duration_ms": 2975,
      "status": "ok",
      "buys": 0,
      "sells": 0,
      "trades": 0,
      "fees": 0.0,
      "positions": 1,
      "equity": 19917.433430176072,
      "cash": 16570.935192395344,
      "note": ""
    },
    {
      "ts": 1772251272,
      "duration_ms": 2976,
      "status": "ok",
      "buys": 0,
      "sells": 0,
      "trades": 0,
      "fees": 0.0,
      "positions": 1,
      "equity": 19918.74716857473,
      "cash": 16570.935192395344,
      "note": ""
    },
    {
      "ts": 1772250952,
      "duration_ms": 3224,
      "status": "ok",
      "buys": 1,
      "sells": 1,
      "trades": 2,
      "fees": 6.5297886590947405,
      "positions": 1,
      "equity": 19920.160633048577,
      "cash": 16570.935192395344,
      "note": ""
    },
    {
      "ts": 1772250643,
      "duration_ms": 3078,
      "status": "ok",
      "buys": 0,
      "sells": 0,
      "trades": 0,
      "fees": 0.0,
      "positions": 1,
      "equity": 19925.91230226585,
      "cash": 16746.12720326616,
      "note": ""
    },
    {
      "ts": 1772250333,
      "duration_ms": 2806,
      "status": "ok",
      "buys": 0,
      "sells": 0,
      "trades": 0,
      "fees": 0.0,
      "positions": 1,
      "equity": 19922.799824498565,
      "cash": 16746.12720326616,
      "note": ""
    },
    {
      "ts": 1772250007,
      "duration_ms": 7803,
      "status": "ok",
      "buys": 0,
      "sells": 1,
      "trades": 1,
      "fees": 3.973335435915059,
      "positions": 1,
      "equity": 19922.799824498565,
      "cash": 16746.12720326616,
      "note": ""
    },
    {
      "ts": 1772249692,
      "duration_ms": 2985,
      "status": "ok",
      "buys": 0,
      "sells": 0,
      "trades": 0,
      "fees": 0.0,
      "positions": 2,
      "equity": 19938.345503131073,
      "cash": 12776.765102787018,
      "note": ""
    },
    {
      "ts": 1772249388,
      "duration_ms": 3999,
      "status": "ok",
      "buys": 0,
      "sells": 0,
      "trades": 0,
      "fees": 0.0,
      "positions": 2,
      "equity": 19948.612998415512,
      "cash": 12776.765102787018,
      "note": ""
    },
    {
      "ts": 1772249073,
      "duration_ms": 3060,
      "status": "ok",
      "buys": 0,
      "sells": 0,
      "trades": 0,
      "fees": 0.0,
      "positions": 2,
      "equity": 19957.78205503852,
      "cash": 12776.765102787018,
      "note": ""
    },
    {
      "ts": 1772248758,
      "duration_ms": 3496,
      "status": "ok",
      "buys": 0,
      "sells": 0,
      "trades": 0,
      "fees": 0.0,
      "positions": 2,
      "equity": 19956.614875875788,
      "cash": 12776.765102787018,
      "note": ""
    },
    {
      "ts": 1772248433,
      "duration_ms": 3616,
      "status": "ok",
      "buys": 0,
      "sells": 0,
      "trades": 0,
      "fees": 0.0,
      "positions": 2,
      "equity": 19953.863848980807,
      "cash": 12776.765102787018,
      "note": ""
    },
    {
      "ts": 1772248127,
      "duration_ms": 3927,
      "status": "ok",
      "buys": 0,
      "sells": 0,
      "trades": 0,
      "fees": 0.0,
      "positions": 2,
      "equity": 19949.508126907003,
      "cash": 12776.765102787018,
      "note": ""
    },
    {
      "ts": 1772247814,
      "duration_ms": 3588,
      "status": "ok",
      "buys": 0,
      "sells": 0,
      "trades": 0,
      "fees": 0.0,
      "positions": 2,
      "equity": 19951.787455282058,
      "cash": 12776.765102787018,
      "note": ""
    },
    {
      "ts": 1772247708,
      "duration_ms": 3460,
      "status": "ok",
      "buys": 0,
      "sells": 0,
      "trades": 0,
      "fees": 0.0,
      "positions": 2,
      "equity": 19955.6954253633,
      "cash": 12776.765102787018,
      "note": ""
    },
    {
      "ts": 1772247651,
      "duration_ms": 3530,
      "status": "ok",
      "buys": 0,
      "sells": 0,
      "trades": 0,
      "fees": 0.0,
      "positions": 2,
      "equity": 19958.656523830257,
      "cash": 12776.765102787018,
      "note": ""
    }
  ]
}