{
  "as_of": "2026-02-28T21:55:07.119380+00:00",
  "prices": {
    "BTCUSDT": 66614.18,
    "ETHUSDT": 1955.66,
    "SOLUSDT": 84.33
  },
  "positions": [
    {
      "symbol": "BTCUSDT",
      "qty": 0.06042539405016403,
      "entry_price": 66541.15,
      "entry_time": 1772313818,
      "last_sell_time": 0
    },
    {
      "symbol": "ETHUSDT",
      "qty": 1.6490856755171626,
      "entry_price": 1950.06,
      "entry_time": 1772314131,
      "last_sell_time": 0
    },
    {
      "symbol": "SOLUSDT",
      "qty": 30.524681304494642,
      "entry_price": 84.26,
      "entry_time": 1772314132,
      "last_sell_time": 0
    }
  ],
  "trades": [
    {
      "id": 45,
      "symbol": "SOLUSDT",
      "side": "BUY",
      "qty": 30.524681304494642,
      "price": 84.26,
      "ts": 1772314132
    },
    {
      "id": 44,
      "symbol": "ETHUSDT",
      "side": "BUY",
      "qty": 1.6490856755171626,
      "price": 1950.06,
      "ts": 1772314131
    },
    {
      "id": 43,
      "symbol": "BTCUSDT",
      "side": "BUY",
      "qty": 0.06042539405016403,
      "price": 66541.15,
      "ts": 1772313818
    },
    {
      "id": 42,
      "symbol": "SOLUSDT",
      "side": "SELL",
      "qty": 48.48199442654716,
      "price": 83.54,
      "ts": 1772310412
    },
    {
      "id": 41,
      "symbol": "ETHUSDT",
      "side": "SELL",
      "qty": 1.6453615319291854,
      "price": 1964.61,
      "ts": 1772310411
    },
    {
      "id": 40,
      "symbol": "BTCUSDT",
      "side": "SELL",
      "qty": 0.03857513246325081,
      "price": 66933.76,
      "ts": 1772310101
    },
    {
      "id": 39,
      "symbol": "BTCUSDT",
      "side": "BUY",
      "qty": 0.03857513246325081,
      "price": 66439.47,
      "ts": 1772308549
    },
    {
      "id": 38,
      "symbol": "ETHUSDT",
      "side": "BUY",
      "qty": 1.6453615319291854,
      "price": 1947.56,
      "ts": 1772307941
    },
    {
      "id": 37,
      "symbol": "SOLUSDT",
      "side": "BUY",
      "qty": 48.48199442654716,
      "price": 82.64,
      "ts": 1772307622
    },
    {
      "id": 36,
      "symbol": "BTCUSDT",
      "side": "SELL",
      "qty": 0.049365976502508464,
      "price": 65865.95,
      "ts": 1772304830
    },
    {
      "id": 35,
      "symbol": "SOLUSDT",
      "side": "SELL",
      "qty": 49.024854550296425,
      "price": 82.26,
      "ts": 1772303889
    },
    {
      "id": 34,
      "symbol": "ETHUSDT",
      "side": "SELL",
      "qty": 1.3415615440760762,
      "price": 1927.86,
      "ts": 1772303888
    },
    {
      "id": 33,
      "symbol": "ETHUSDT",
      "side": "BUY",
      "qty": 1.3415615440760762,
      "price": 1896.02,
      "ts": 1772293281
    },
    {
      "id": 32,
      "symbol": "BTCUSDT",
      "side": "BUY",
      "qty": 0.049365976502508464,
      "price": 64423.51,
      "ts": 1772290512
    },
    {
      "id": 31,
      "symbol": "SOLUSDT",
      "side": "BUY",
      "qty": 49.024854550296425,
      "price": 81.11,
      "ts": 1772289904
    },
    {
      "id": 30,
      "symbol": "ETHUSDT",
      "side": "SELL",
      "qty": 2.094259535751295,
      "price": 1908.27,
      "ts": 1772289591
    },
    {
      "id": 29,
      "symbol": "ETHUSDT",
      "side": "BUY",
      "qty": 2.094259535751295,
      "price": 1897.28,
      "ts": 1772287388
    },
    {
      "id": 28,
      "symbol": "BTCUSDT",
      "side": "SELL",
      "qty": 0.061968075374024524,
      "price": 64777.2,
      "ts": 1772286757
    },
    {
      "id": 27,
      "symbol": "SOLUSDT",
      "side": "SELL",
      "qty": 40.04445699950953,
      "price": 78.78,
      "ts": 1772285829
    },
    {
      "id": 26,
      "symbol": "SOLUSDT",
      "side": "BUY",
      "qty": 40.04445699950953,
      "price": 79.34,
      "ts": 1772284598
    },
    {
      "id": 25,
      "symbol": "BTCUSDT",
      "side": "BUY",
      "qty": 0.061968075374024524,
      "price": 64104.01,
      "ts": 1772284596
    },
    {
      "id": 24,
      "symbol": "ETHUSDT",
      "side": "SELL",
      "qty": 2.1264636821969445,
      "price": 1865.37,
      "ts": 1772283008
    },
    {
      "id": 23,
      "symbol": "ETHUSDT",
      "side": "BUY",
      "qty": 2.1264636821969445,
      "price": 1869.69,
      "ts": 1772281761
    },
    {
      "id": 22,
      "symbol": "SOLUSDT",
      "side": "SELL",
      "qty": 50.15909652853248,
      "price": 78.88,
      "ts": 1772280546
    },
    {
      "id": 21,
      "symbol": "SOLUSDT",
      "side": "BUY",
      "qty": 50.15909652853248,
      "price": 79.4,
      "ts": 1772278429
    },
    {
      "id": 20,
      "symbol": "BTCUSDT",
      "side": "SELL",
      "qty": 0.050880650606436054,
      "price": 65753.32,
      "ts": 1772251900
    },
    {
      "id": 19,
      "symbol": "SOLUSDT",
      "side": "SELL",
      "qty": 38.905972091027614,
      "price": 81.75,
      "ts": 1772250952
    },
    {
      "id": 18,
      "symbol": "BTCUSDT",
      "side": "BUY",
      "qty": 0.050880650606436054,
      "price": 65825.13,
      "ts": 1772250950
    },
    {
      "id": 17,
      "symbol": "ETHUSDT",
      "side": "SELL",
      "qty": 2.0659699754657836,
      "price": 1923.23,
      "ts": 1772250004
    },
    {
      "id": 16,
      "symbol": "BTCUSDT",
      "side": "SELL",
      "qty": 0.038743510343579465,
      "price": 65988.68,
      "ts": 1772247134
    },
    {
      "id": 15,
      "symbol": "BTCUSDT",
      "side": "BUY",
      "qty": 0.038743510343579465,
      "price": 65947.38,
      "ts": 1772240365
    },
    {
      "id": 14,
      "symbol": "SOLUSDT",
      "side": "BUY",
      "qty": 38.905972091027614,
      "price": 82.09,
      "ts": 1772239432
    },
    {
      "id": 13,
      "symbol": "ETHUSDT",
      "side": "BUY",
      "qty": 2.0659699754657836,
      "price": 1932.38,
      "ts": 1772237860
    },
    {
      "id": 12,
      "symbol": "BTCUSDT",
      "side": "SELL",
      "qty": 0.06058880752538608,
      "price": 65861.91,
      "ts": 1772236610
    },
    {
      "id": 11,
      "symbol": "BTCUSDT",
      "side": "BUY",
      "qty": 0.06058880752538608,
      "price": 65897.9,
      "ts": 1772236300
    },
    {
      "id": 10,
      "symbol": "SOLUSDT",
      "side": "SELL",
      "qty": 48.706604282176535,
      "price": 81.91,
      "ts": 1772235700
    },
    {
      "id": 9,
      "symbol": "SOLUSDT",
      "side": "BUY",
      "qty": 48.706604282176535,
      "price": 81.99,
      "ts": 1772235372
    },
    {
      "id": 8,
      "symbol": "ETHUSDT",
      "side": "SELL",
      "qty": 2.073507138374704,
      "price": 1923.63,
      "ts": 1772234151
    },
    {
      "id": 7,
      "symbol": "ETHUSDT",
      "side": "BUY",
      "qty": 2.073507138374704,
      "price": 1926.52,
      "ts": 1772233851
    },
    {
      "id": 6,
      "symbol": "BTCUSDT",
      "side": "SELL",
      "qty": 0.04879743301103645,
      "price": 65308.51,
      "ts": 1772231962
    },
    {
      "id": 5,
      "symbol": "ETHUSDT",
      "side": "SELL",
      "qty": 1.7411267613998993,
      "price": 1921.06,
      "ts": 1772229755
    },
    {
      "id": 4,
      "symbol": "ETHUSDT",
      "side": "BUY",
      "qty": 1.7411267613998993,
      "price": 1930.01,
      "ts": 1772227208
    },
    {
      "id": 3,
      "symbol": "SOLUSDT",
      "side": "SELL",
      "qty": 49.00759617740749,
      "price": 81.66,
      "ts": 1772226892
    },
    {
      "id": 2,
      "symbol": "BTCUSDT",
      "side": "BUY",
      "qty": 0.04879743301103645,
      "price": 65577.22,
      "ts": 1772226891
    },
    {
      "id": 1,
      "symbol": "SOLUSDT",
      "side": "BUY",
      "qty": 49.00759617740749,
      "price": 81.62,
      "ts": 1772226290
    }
  ],
  "equity": [
    {
      "ts": 1772222708,
      "equity": 20000.0,
      "cash": 20000.0
    },
    {
      "ts": 1772222867,
      "equity": 20000.0,
      "cash": 20000.0
    },
    {
      "ts": 1772223173,
      "equity": 20000.0,
      "cash": 20000.0
    },
    {
      "ts": 1772223480,
      "equity": 20000.0,
      "cash": 20000.0
    },
    {
      "ts": 1772223795,
      "equity": 20000.0,
      "cash": 20000.0
    },
    {
      "ts": 1772224110,
      "equity": 20000.0,
      "cash": 20000.0
    },
    {
      "ts": 1772224426,
      "equity": 20000.0,
      "cash": 20000.0
    },
    {
      "ts": 1772224740,
      "equity": 20000.0,
      "cash": 20000.0
    },
    {
      "ts": 1772225038,
      "equity": 20000.0,
      "cash": 20000.0
    },
    {
      "ts": 1772225341,
      "equity": 20000.0,
      "cash": 20000.0
    },
    {
      "ts": 1772225650,
      "equity": 20000.0,
      "cash": 20000.0
    },
    {
      "ts": 1772225973,
      "equity": 20000.0,
      "cash": 20000.0
    },
    {
      "ts": 1772226290,
      "equity": 20000.0,
      "cash": 16000.0
    },
    {
      "ts": 1772226592,
      "equity": 20004.90075961774,
      "cash": 16000.0
    },
    {
      "ts": 1772226892,
      "equity": 20001.960303847096,
      "cash": 16801.960303847096
    },
    {
      "ts": 1772227209,
      "equity": 20007.254825328793,
      "cash": 13441.568243077676
    },
    {
      "ts": 1772227532,
      "equity": 20013.591490676386,
      "cash": 13441.568243077676
    },
    {
      "ts": 1772227852,
      "equity": 20007.950808608544,
      "cash": 13441.568243077676
    },
    {
      "ts": 1772228170,
      "equity": 19997.015822208734,
      "cash": 13441.568243077676
    },
    {
      "ts": 1772228495,
      "equity": 19997.732344883127,
      "cash": 13441.568243077676
    },
    {
      "ts": 1772228811,
      "equity": 19996.34374629742,
      "cash": 13441.568243077676
    },
    {
      "ts": 1772229112,
      "equity": 19993.10189297573,
      "cash": 13441.568243077676
    },
    {
      "ts": 1772229441,
      "equity": 19977.88833384747,
      "cash": 13441.568243077676
    },
    {
      "ts": 1772229756,
      "equity": 19984.566834567857,
      "cash": 16786.377219332568
    },
    {
      "ts": 1772230071,
      "equity": 19981.017309290633,
      "cash": 16786.377219332568
    },
    {
      "ts": 1772230372,
      "equity": 19983.975409679762,
      "cash": 16786.377219332568
    },
    {
      "ts": 1772230689,
      "equity": 19987.43905147489,
      "cash": 16786.377219332568
    },
    {
      "ts": 1772230992,
      "equity": 19980.20336810801,
      "cash": 16786.377219332568
    },
    {
      "ts": 1772231332,
      "equity": 19980.02184165721,
      "cash": 16786.377219332568
    },
    {
      "ts": 1772231632,
      "equity": 19978.74042106634,
      "cash": 16786.377219332568
    },
    {
      "ts": 1772231964,
      "equity": 19973.26486110817,
      "cash": 19973.26486110817
    },
    {
      "ts": 1772232273,
      "equity": 19973.26486110817,
      "cash": 19973.26486110817
    },
    {
      "ts": 1772232592,
      "equity": 19973.26486110817,
      "cash": 19973.26486110817
    },
    {
      "ts": 1772232903,
      "equity": 19973.26486110817,
      "cash": 19973.26486110817
    },
    {
      "ts": 1772233210,
      "equity": 19973.26486110817,
      "cash": 19973.26486110817
    },
    {
      "ts": 1772233532,
      "equity": 19973.26486110817,
      "cash": 19973.26486110817
    },
    {
      "ts": 1772233852,
      "equity": 19973.26486110817,
      "cash": 15978.611888886537
    },
    {
      "ts": 1772234153,
      "equity": 19967.27242547827,
      "cash": 19967.27242547827
    },
    {
      "ts": 1772234462,
      "equity": 19967.27242547827,
      "cash": 19967.27242547827
    },
    {
      "ts": 1772234769,
      "equity": 19967.27242547827,
      "cash": 19967.27242547827
    },
    {
      "ts": 1772235070,
      "equity": 19967.27242547827,
      "cash": 19967.27242547827
    },
    {
      "ts": 1772235372,
      "equity": 19967.27242547827,
      "cash": 15973.817940382616
    },
    {
      "ts": 1772235700,
      "equity": 19963.375897135695,
      "cash": 19963.375897135695
    },
    {
      "ts": 1772236002,
      "equity": 19963.375897135695,
      "cash": 19963.375897135695
    },
    {
      "ts": 1772236302,
      "equity": 19963.375897135695,
      "cash": 15970.700717708556
    },
    {
      "ts": 1772236612,
      "equity": 19961.195305952857,
      "cash": 19961.195305952857
    },
    {
      "ts": 1772236915,
      "equity": 19961.195305952857,
      "cash": 19961.195305952857
    },
    {
      "ts": 1772237231,
      "equity": 19961.195305952857,
      "cash": 19961.195305952857
    },
    {
      "ts": 1772237545,
      "equity": 19961.195305952857,
      "cash": 19961.195305952857
    },
    {
      "ts": 1772237861,
      "equity": 19961.195305952857,
      "cash": 15968.956244762285
    },
    {
      "ts": 1772238172,
      "equity": 19953.571876743386,
      "cash": 15968.956244762285
    },
    {
      "ts": 1772238472,
      "equity": 19945.886468434655,
      "cash": 15968.956244762285
    },
    {
      "ts": 1772238807,
      "equity": 19952.78680815271,
      "cash": 15968.956244762285
    },
    {
      "ts": 1772239108,
      "equity": 19952.12569776056,
      "cash": 15968.956244762285
    },
    {
      "ts": 1772239432,
      "equity": 19962.37290883887,
      "cash": 12775.164995809828
    },
    {
      "ts": 1772239753,
      "equity": 19959.81129381611,
      "cash": 12775.164995809828
    },
    {
      "ts": 1772240067,
      "equity": 19959.398099821017,
      "cash": 12775.164995809828
    },
    {
      "ts": 1772240368,
      "equity": 19960.695998584317,
      "cash": 10220.131996647862
    },
    {
      "ts": 1772240672,
      "equity": 19975.991838482412,
      "cash": 10220.131996647862
    },
    {
      "ts": 1772240973,
      "equity": 19952.219880898665,
      "cash": 10220.131996647862
    },
    {
      "ts": 1772241282,
      "equity": 19954.73210348846,
      "cash": 10220.131996647862
    },
    {
      "ts": 1772241592,
      "equity": 19961.907657766737,
      "cash": 10220.131996647862
    },
    {
      "ts": 1772241908,
      "equity": 19966.94435151555,
      "cash": 10220.131996647862
    },
    {
      "ts": 1772242210,
      "equity": 19939.59767652661,
      "cash": 10220.131996647862
    },
    {
      "ts": 1772242512,
      "equity": 19931.612010749082,
      "cash": 10220.131996647862
    },
    {
      "ts": 1772242813,
      "equity": 19943.086243961865,
      "cash": 10220.131996647862
    },
    {
      "ts": 1772243130,
      "equity": 19925.180975627685,
      "cash": 10220.131996647862
    },
    {
      "ts": 1772243430,
      "equity": 19944.101087079933,
      "cash": 10220.131996647862
    },
    {
      "ts": 1772243752,
      "equity": 19938.442560130246,
      "cash": 10220.131996647862
    },
    {
      "ts": 1772244075,
      "equity": 19928.882658757306,
      "cash": 10220.131996647862
    },
    {
      "ts": 1772244391,
      "equity": 19932.90405015616,
      "cash": 10220.131996647862
    },
    {
      "ts": 1772244702,
      "equity": 19944.28158517276,
      "cash": 10220.131996647862
    },
    {
      "ts": 1772245012,
      "equity": 19943.868326249736,
      "cash": 10220.131996647862
    },
    {
      "ts": 1772245313,
      "equity": 19957.43155359326,
      "cash": 10220.131996647862
    },
    {
      "ts": 1772245614,
      "equity": 19953.548990996904,
      "cash": 10220.131996647862
    },
    {
      "ts": 1772245921,
      "equity": 19957.35757269886,
      "cash": 10220.131996647862
    },
    {
      "ts": 1772246221,
      "equity": 19956.34456354781,
      "cash": 10220.131996647862
    },
    {
      "ts": 1772246529,
      "equity": 19956.150835478806,
      "cash": 10220.131996647862
    },
    {
      "ts": 1772246833,
      "equity": 19957.93580227467,
      "cash": 10220.131996647862
    },
    {
      "ts": 1772247136,
      "equity": 19963.476995275134,
      "cash": 12776.765102787018
    },
    {
      "ts": 1772247452,
      "equity": 19961.393840174343,
      "cash": 12776.765102787018
    },
    {
      "ts": 1772247651,
      "equity": 19958.656523830257,
      "cash": 12776.765102787018
    },
    {
      "ts": 1772247708,
      "equity": 19955.6954253633,
      "cash": 12776.765102787018
    },
    {
      "ts": 1772247814,
      "equity": 19951.787455282058,
      "cash": 12776.765102787018
    },
    {
      "ts": 1772248127,
      "equity": 19949.508126907003,
      "cash": 12776.765102787018
    },
    {
      "ts": 1772248433,
      "equity": 19953.863848980807,
      "cash": 12776.765102787018
    },
    {
      "ts": 1772248758,
      "equity": 19956.614875875788,
      "cash": 12776.765102787018
    },
    {
      "ts": 1772249073,
      "equity": 19957.78205503852,
      "cash": 12776.765102787018
    },
    {
      "ts": 1772249388,
      "equity": 19948.612998415512,
      "cash": 12776.765102787018
    },
    {
      "ts": 1772249692,
      "equity": 19938.345503131073,
      "cash": 12776.765102787018
    },
    {
      "ts": 1772250007,
      "equity": 19922.799824498565,
      "cash": 16746.12720326616
    },
    {
      "ts": 1772250333,
      "equity": 19922.799824498565,
      "cash": 16746.12720326616
    },
    {
      "ts": 1772250642,
      "equity": 19925.91230226585,
      "cash": 16746.12720326616
    },
    {
      "ts": 1772250952,
      "equity": 19920.160633048577,
      "cash": 16570.935192395344
    },
    {
      "ts": 1772251272,
      "equity": 19918.74716857473,
      "cash": 16570.935192395344
    },
    {
      "ts": 1772251593,
      "equity": 19917.433430176072,
      "cash": 16570.935192395344
    },
    {
      "ts": 1772251902,
      "equity": 19913.161321827396,
      "cash": 19913.161321827396
    },
    {
      "ts": 1772252212,
      "equity": 19913.161321827396,
      "cash": 19913.161321827396
    },
    {
      "ts": 1772252529,
      "equity": 19913.161321827396,
      "cash": 19913.161321827396
    },
    {
      "ts": 1772252854,
      "equity": 19913.161321827396,
      "cash": 19913.161321827396
    },
    {
      "ts": 1772253171,
      "equity": 19913.161321827396,
      "cash": 19913.161321827396
    },
    {
      "ts": 1772253472,
      "equity": 19913.161321827396,
      "cash": 19913.161321827396
    },
    {
      "ts": 1772253800,
      "equity": 19913.161321827396,
      "cash": 19913.161321827396
    },
    {
      "ts": 1772254115,
      "equity": 19913.161321827396,
      "cash": 19913.161321827396
    },
    {
      "ts": 1772254431,
      "equity": 19913.161321827396,
      "cash": 19913.161321827396
    },
    {
      "ts": 1772254733,
      "equity": 19913.161321827396,
      "cash": 19913.161321827396
    },
    {
      "ts": 1772255049,
      "equity": 19913.161321827396,
      "cash": 19913.161321827396
    },
    {
      "ts": 1772255366,
      "equity": 19913.161321827396,
      "cash": 19913.161321827396
    },
    {
      "ts": 1772255692,
      "equity": 19913.161321827396,
      "cash": 19913.161321827396
    },
    {
      "ts": 1772255993,
      "equity": 19913.161321827396,
      "cash": 19913.161321827396
    },
    {
      "ts": 1772256310,
      "equity": 19913.161321827396,
      "cash": 19913.161321827396
    },
    {
      "ts": 1772256610,
      "equity": 19913.161321827396,
      "cash": 19913.161321827396
    },
    {
      "ts": 1772256920,
      "equity": 19913.161321827396,
      "cash": 19913.161321827396
    },
    {
      "ts": 1772257222,
      "equity": 19913.161321827396,
      "cash": 19913.161321827396
    },
    {
      "ts": 1772257538,
      "equity": 19913.161321827396,
      "cash": 19913.161321827396
    },
    {
      "ts": 1772257852,
      "equity": 19913.161321827396,
      "cash": 19913.161321827396
    },
    {
      "ts": 1772258169,
      "equity": 19913.161321827396,
      "cash": 19913.161321827396
    },
    {
      "ts": 1772258483,
      "equity": 19913.161321827396,
      "cash": 19913.161321827396
    },
    {
      "ts": 1772258799,
      "equity": 19913.161321827396,
      "cash": 19913.161321827396
    },
    {
      "ts": 1772259112,
      "equity": 19913.161321827396,
      "cash": 19913.161321827396
    },
    {
      "ts": 1772259429,
      "equity": 19913.161321827396,
      "cash": 19913.161321827396
    },
    {
      "ts": 1772259732,
      "equity": 19913.161321827396,
      "cash": 19913.161321827396
    },
    {
      "ts": 1772260059,
      "equity": 19913.161321827396,
      "cash": 19913.161321827396
    },
    {
      "ts": 1772260372,
      "equity": 19913.161321827396,
      "cash": 19913.161321827396
    },
    {
      "ts": 1772260689,
      "equity": 19913.161321827396,
      "cash": 19913.161321827396
    },
    {
      "ts": 1772261005,
      "equity": 19913.161321827396,
      "cash": 19913.161321827396
    },
    {
      "ts": 1772261319,
      "equity": 19913.161321827396,
      "cash": 19913.161321827396
    },
    {
      "ts": 1772261632,
      "equity": 19913.161321827396,
      "cash": 19913.161321827396
    },
    {
      "ts": 1772261950,
      "equity": 19913.161321827396,
      "cash": 19913.161321827396
    },
    {
      "ts": 1772262264,
      "equity": 19913.161321827396,
      "cash": 19913.161321827396
    },
    {
      "ts": 1772262581,
      "equity": 19913.161321827396,
      "cash": 19913.161321827396
    },
    {
      "ts": 1772262892,
      "equity": 19913.161321827396,
      "cash": 19913.161321827396
    },
    {
      "ts": 1772263193,
      "equity": 19913.161321827396,
      "cash": 19913.161321827396
    },
    {
      "ts": 1772263497,
      "equity": 19913.161321827396,
      "cash": 19913.161321827396
    },
    {
      "ts": 1772263796,
      "equity": 19913.161321827396,
      "cash": 19913.161321827396
    },
    {
      "ts": 1772264111,
      "equity": 19913.161321827396,
      "cash": 19913.161321827396
    },
    {
      "ts": 1772264427,
      "equity": 19913.161321827396,
      "cash": 19913.161321827396
    },
    {
      "ts": 1772264742,
      "equity": 19913.161321827396,
      "cash": 19913.161321827396
    },
    {
      "ts": 1772265042,
      "equity": 19913.161321827396,
      "cash": 19913.161321827396
    },
    {
      "ts": 1772265352,
      "equity": 19913.161321827396,
      "cash": 19913.161321827396
    },
    {
      "ts": 1772265660,
      "equity": 19913.161321827396,
      "cash": 19913.161321827396
    },
    {
      "ts": 1772265957,
      "equity": 19913.161321827396,
      "cash": 19913.161321827396
    },
    {
      "ts": 1772266272,
      "equity": 19913.161321827396,
      "cash": 19913.161321827396
    },
    {
      "ts": 1772266582,
      "equity": 19913.161321827396,
      "cash": 19913.161321827396
    },
    {
      "ts": 1772266903,
      "equity": 19913.161321827396,
      "cash": 19913.161321827396
    },
    {
      "ts": 1772267213,
      "equity": 19913.161321827396,
      "cash": 19913.161321827396
    },
    {
      "ts": 1772267529,
      "equity": 19913.161321827396,
      "cash": 19913.161321827396
    },
    {
      "ts": 1772267849,
      "equity": 19913.161321827396,
      "cash": 19913.161321827396
    },
    {
      "ts": 1772268163,
      "equity": 19913.161321827396,
      "cash": 19913.161321827396
    },
    {
      "ts": 1772268473,
      "equity": 19913.161321827396,
      "cash": 19913.161321827396
    },
    {
      "ts": 1772268793,
      "equity": 19913.161321827396,
      "cash": 19913.161321827396
    },
    {
      "ts": 1772269109,
      "equity": 19913.161321827396,
      "cash": 19913.161321827396
    },
    {
      "ts": 1772269422,
      "equity": 19913.161321827396,
      "cash": 19913.161321827396
    },
    {
      "ts": 1772269733,
      "equity": 19913.161321827396,
      "cash": 19913.161321827396
    },
    {
      "ts": 1772270032,
      "equity": 19913.161321827396,
      "cash": 19913.161321827396
    },
    {
      "ts": 1772270340,
      "equity": 19913.161321827396,
      "cash": 19913.161321827396
    },
    {
      "ts": 1772270639,
      "equity": 19913.161321827396,
      "cash": 19913.161321827396
    },
    {
      "ts": 1772270956,
      "equity": 19913.161321827396,
      "cash": 19913.161321827396
    },
    {
      "ts": 1772271262,
      "equity": 19913.161321827396,
      "cash": 19913.161321827396
    },
    {
      "ts": 1772271586,
      "equity": 19913.161321827396,
      "cash": 19913.161321827396
    },
    {
      "ts": 1772271893,
      "equity": 19913.161321827396,
      "cash": 19913.161321827396
    },
    {
      "ts": 1772272212,
      "equity": 19913.161321827396,
      "cash": 19913.161321827396
    },
    {
      "ts": 1772272522,
      "equity": 19913.161321827396,
      "cash": 19913.161321827396
    },
    {
      "ts": 1772272845,
      "equity": 19913.161321827396,
      "cash": 19913.161321827396
    },
    {
      "ts": 1772273153,
      "equity": 19913.161321827396,
      "cash": 19913.161321827396
    },
    {
      "ts": 1772273476,
      "equity": 19913.161321827396,
      "cash": 19913.161321827396
    },
    {
      "ts": 1772273792,
      "equity": 19913.161321827396,
      "cash": 19913.161321827396
    },
    {
      "ts": 1772274106,
      "equity": 19913.161321827396,
      "cash": 19913.161321827396
    },
    {
      "ts": 1772274412,
      "equity": 19913.161321827396,
      "cash": 19913.161321827396
    },
    {
      "ts": 1772274728,
      "equity": 19913.161321827396,
      "cash": 19913.161321827396
    },
    {
      "ts": 1772275052,
      "equity": 19913.161321827396,
      "cash": 19913.161321827396
    },
    {
      "ts": 1772275353,
      "equity": 19913.161321827396,
      "cash": 19913.161321827396
    },
    {
      "ts": 1772275672,
      "equity": 19913.161321827396,
      "cash": 19913.161321827396
    },
    {
      "ts": 1772275972,
      "equity": 19913.161321827396,
      "cash": 19913.161321827396
    },
    {
      "ts": 1772276283,
      "equity": 19913.161321827396,
      "cash": 19913.161321827396
    },
    {
      "ts": 1772276583,
      "equity": 19913.161321827396,
      "cash": 19913.161321827396
    },
    {
      "ts": 1772276888,
      "equity": 19913.161321827396,
      "cash": 19913.161321827396
    },
    {
      "ts": 1772277192,
      "equity": 19913.161321827396,
      "cash": 19913.161321827396
    },
    {
      "ts": 1772277499,
      "equity": 19913.161321827396,
      "cash": 19913.161321827396
    },
    {
      "ts": 1772277799,
      "equity": 19913.161321827396,
      "cash": 19913.161321827396
    },
    {
      "ts": 1772278102,
      "equity": 19913.161321827396,
      "cash": 19913.161321827396
    },
    {
      "ts": 1772278429,
      "equity": 19909.178689563032,
      "cash": 15926.546425197552
    },
    {
      "ts": 1772278731,
      "equity": 19894.13096060447,
      "cash": 15926.546425197552
    },
    {
      "ts": 1772279029,
      "equity": 19888.111869021046,
      "cash": 15926.546425197552
    },
    {
      "ts": 1772279330,
      "equity": 19889.11505095162,
      "cash": 15926.546425197552
    },
    {
      "ts": 1772279632,
      "equity": 19892.626187708614,
      "cash": 15926.546425197552
    },
    {
      "ts": 1772279942,
      "equity": 19876.0736858542,
      "cash": 15926.546425197552
    },
    {
      "ts": 1772280246,
      "equity": 19878.08004971534,
      "cash": 15926.546425197552
    },
    {
      "ts": 1772280546,
      "equity": 19879.139409834024,
      "cash": 19879.139409834024
    },
    {
      "ts": 1772280847,
      "equity": 19879.139409834024,
      "cash": 19879.139409834024
    },
    {
      "ts": 1772281152,
      "equity": 19879.139409834024,
      "cash": 19879.139409834024
    },
    {
      "ts": 1772281462,
      "equity": 19879.139409834024,
      "cash": 19879.139409834024
    },
    {
      "ts": 1772281763,
      "equity": 19875.16358195206,
      "cash": 15899.335699985253
    },
    {
      "ts": 1772282062,
      "equity": 19873.845174469097,
      "cash": 15899.335699985253
    },
    {
      "ts": 1772282391,
      "equity": 19873.696322011343,
      "cash": 15899.335699985253
    },
    {
      "ts": 1772282693,
      "equity": 19874.546907484222,
      "cash": 15899.335699985253
    },
    {
      "ts": 1772283009,
      "equity": 19862.01061728611,
      "cash": 19862.01061728611
    },
    {
      "ts": 1772283337,
      "equity": 19862.01061728611,
      "cash": 19862.01061728611
    },
    {
      "ts": 1772283652,
      "equity": 19862.01061728611,
      "cash": 19862.01061728611
    },
    {
      "ts": 1772283969,
      "equity": 19862.01061728611,
      "cash": 19862.01061728611
    },
    {
      "ts": 1772284286,
      "equity": 19862.01061728611,
      "cash": 19862.01061728611
    },
    {
      "ts": 1772284598,
      "equity": 19854.86108794431,
      "cash": 12705.331746146003
    },
    {
      "ts": 1772284912,
      "equity": 19836.995843880733,
      "cash": 12705.331746146003
    },
    {
      "ts": 1772285229,
      "equity": 19836.680130436278,
      "cash": 12705.331746146003
    },
    {
      "ts": 1772285530,
      "equity": 19839.8044643282,
      "cash": 12705.331746146003
    },
    {
      "ts": 1772285829,
      "equity": 19820.97714792129,
      "cash": 15856.879366244943
    },
    {
      "ts": 1772286129,
      "equity": 19820.341355467954,
      "cash": 15856.879366244943
    },
    {
      "ts": 1772286442,
      "equity": 19834.868531377888,
      "cash": 15856.879366244943
    },
    {
      "ts": 1772286759,
      "equity": 19866.983659951085,
      "cash": 19866.983659951085
    },
    {
      "ts": 1772287072,
      "equity": 19866.983659951085,
      "cash": 19866.983659951085
    },
    {
      "ts": 1772287389,
      "equity": 19863.010263219097,
      "cash": 15889.613531228879
    },
    {
      "ts": 1772287704,
      "equity": 19864.245876345187,
      "cash": 15889.613531228879
    },
    {
      "ts": 1772288019,
      "equity": 19865.062637564133,
      "cash": 15889.613531228879
    },
    {
      "ts": 1772288332,
      "equity": 19862.696124288734,
      "cash": 15889.613531228879
    },
    {
      "ts": 1772288649,
      "equity": 19861.334855590496,
      "cash": 15889.613531228879
    },
    {
      "ts": 1772288969,
      "equity": 19870.654310524587,
      "cash": 15889.613531228879
    },
    {
      "ts": 1772289280,
      "equity": 19866.549561834516,
      "cash": 15889.613531228879
    },
    {
      "ts": 1772289592,
      "equity": 19882.029762872713,
      "cash": 19882.029762872713
    },
    {
      "ts": 1772289904,
      "equity": 19878.05335692014,
      "cash": 15901.647404345596
    },
    {
      "ts": 1772290210,
      "equity": 19862.365403464046,
      "cash": 15901.647404345596
    },
    {
      "ts": 1772290514,
      "equity": 19835.162895253532,
      "cash": 12718.137593995609
    },
    {
      "ts": 1772290829,
      "equity": 19839.123078287394,
      "cash": 12718.137593995609
    },
    {
      "ts": 1772291144,
      "equity": 19847.95742530175,
      "cash": 12718.137593995609
    },
    {
      "ts": 1772291453,
      "equity": 19833.059904654525,
      "cash": 12718.137593995609
    },
    {
      "ts": 1772291758,
      "equity": 19814.956967627928,
      "cash": 12718.137593995609
    },
    {
      "ts": 1772292072,
      "equity": 19824.590643872125,
      "cash": 12718.137593995609
    },
    {
      "ts": 1772292372,
      "equity": 19846.259823440094,
      "cash": 12718.137593995609
    },
    {
      "ts": 1772292673,
      "equity": 19866.84107095622,
      "cash": 12718.137593995609
    },
    {
      "ts": 1772292972,
      "equity": 19899.810433337447,
      "cash": 12718.137593995609
    },
    {
      "ts": 1772293282,
      "equity": 19877.297202751393,
      "cash": 10171.966447677689
    },
    {
      "ts": 1772293602,
      "equity": 19875.691893307652,
      "cash": 10171.966447677689
    },
    {
      "ts": 1772293912,
      "equity": 19873.20369923722,
      "cash": 10171.966447677689
    },
    {
      "ts": 1772294233,
      "equity": 19889.339805720032,
      "cash": 10171.966447677689
    },
    {
      "ts": 1772294548,
      "equity": 19872.90426872668,
      "cash": 10171.966447677689
    },
    {
      "ts": 1772294863,
      "equity": 19872.959608600642,
      "cash": 10171.966447677689
    },
    {
      "ts": 1772295172,
      "equity": 19887.988261175833,
      "cash": 10171.966447677689
    },
    {
      "ts": 1772295488,
      "equity": 19869.474931238652,
      "cash": 10171.966447677689
    },
    {
      "ts": 1772295809,
      "equity": 19891.20513252377,
      "cash": 10171.966447677689
    },
    {
      "ts": 1772296122,
      "equity": 19900.24815548772,
      "cash": 10171.966447677689
    },
    {
      "ts": 1772296433,
      "equity": 19897.536075696604,
      "cash": 10171.966447677689
    },
    {
      "ts": 1772296754,
      "equity": 19879.333948562773,
      "cash": 10171.966447677689
    },
    {
      "ts": 1772297070,
      "equity": 19929.67972542085,
      "cash": 10171.966447677689
    },
    {
      "ts": 1772297381,
      "equity": 19908.038242352108,
      "cash": 10171.966447677689
    },
    {
      "ts": 1772297692,
      "equity": 19908.241819825715,
      "cash": 10171.966447677689
    },
    {
      "ts": 1772298010,
      "equity": 19912.112417826393,
      "cash": 10171.966447677689
    },
    {
      "ts": 1772298312,
      "equity": 19906.22543392872,
      "cash": 10171.966447677689
    },
    {
      "ts": 1772298622,
      "equity": 19900.073533283547,
      "cash": 10171.966447677689
    },
    {
      "ts": 1772298936,
      "equity": 19904.2612120926,
      "cash": 10171.966447677689
    },
    {
      "ts": 1772299251,
      "equity": 19886.712987384675,
      "cash": 10171.966447677689
    },
    {
      "ts": 1772299552,
      "equity": 19914.293188103526,
      "cash": 10171.966447677689
    },
    {
      "ts": 1772299862,
      "equity": 19919.763722945485,
      "cash": 10171.966447677689
    },
    {
      "ts": 1772300169,
      "equity": 19905.505644272813,
      "cash": 10171.966447677689
    },
    {
      "ts": 1772300491,
      "equity": 19894.627189904535,
      "cash": 10171.966447677689
    },
    {
      "ts": 1772300807,
      "equity": 19877.595483814,
      "cash": 10171.966447677689
    },
    {
      "ts": 1772301112,
      "equity": 19918.41713065714,
      "cash": 10171.966447677689
    },
    {
      "ts": 1772301413,
      "equity": 19914.369231902092,
      "cash": 10171.966447677689
    },
    {
      "ts": 1772301730,
      "equity": 19937.077802618976,
      "cash": 10171.966447677689
    },
    {
      "ts": 1772302032,
      "equity": 19949.470286099033,
      "cash": 10171.966447677689
    },
    {
      "ts": 1772302338,
      "equity": 19936.15424961588,
      "cash": 10171.966447677689
    },
    {
      "ts": 1772302652,
      "equity": 19930.786782088362,
      "cash": 10171.966447677689
    },
    {
      "ts": 1772302968,
      "equity": 19922.985073066702,
      "cash": 10171.966447677689
    },
    {
      "ts": 1772303272,
      "equity": 19928.799242079745,
      "cash": 10171.966447677689
    },
    {
      "ts": 1772303574,
      "equity": 19966.121924227118,
      "cash": 10171.966447677689
    },
    {
      "ts": 1772303889,
      "equity": 20029.095954341064,
      "cash": 16784.474693973905
    },
    {
      "ts": 1772304205,
      "equity": 20024.886023864932,
      "cash": 16784.474693973905
    },
    {
      "ts": 1772304521,
      "equity": 20028.59834529792,
      "cash": 16784.474693973905
    },
    {
      "ts": 1772304832,
      "equity": 20032.760097049286,
      "cash": 20032.760097049286
    },
    {
      "ts": 1772305150,
      "equity": 20032.760097049286,
      "cash": 20032.760097049286
    },
    {
      "ts": 1772305465,
      "equity": 20032.760097049286,
      "cash": 20032.760097049286
    },
    {
      "ts": 1772305781,
      "equity": 20032.760097049286,
      "cash": 20032.760097049286
    },
    {
      "ts": 1772306081,
      "equity": 20032.760097049286,
      "cash": 20032.760097049286
    },
    {
      "ts": 1772306390,
      "equity": 20032.760097049286,
      "cash": 20032.760097049286
    },
    {
      "ts": 1772306692,
      "equity": 20032.760097049286,
      "cash": 20032.760097049286
    },
    {
      "ts": 1772306992,
      "equity": 20032.760097049286,
      "cash": 20032.760097049286
    },
    {
      "ts": 1772307311,
      "equity": 20032.760097049286,
      "cash": 20032.760097049286
    },
    {
      "ts": 1772307622,
      "equity": 20028.753545029875,
      "cash": 16022.20152562002
    },
    {
      "ts": 1772307942,
      "equity": 20010.034866508257,
      "cash": 12814.556780190891
    },
    {
      "ts": 1772308242,
      "equity": 20022.497719597824,
      "cash": 12814.556780190891
    },
    {
      "ts": 1772308551,
      "equity": 20005.909985112194,
      "cash": 10249.082512796675
    },
    {
      "ts": 1772308851,
      "equity": 19984.930479071532,
      "cash": 10249.082512796675
    },
    {
      "ts": 1772309152,
      "equity": 19985.866449036977,
      "cash": 10249.082512796675
    },
    {
      "ts": 1772309472,
      "equity": 20022.266794469415,
      "cash": 10249.082512796675
    },
    {
      "ts": 1772309788,
      "equity": 20046.742051852867,
      "cash": 10249.082512796675
    },
    {
      "ts": 1772310103,
      "equity": 20085.794389322782,
      "cash": 12828.47919240185
    },
    {
      "ts": 1772310412,
      "equity": 20103.87604650536,
      "cash": 20103.87604650536
    },
    {
      "ts": 1772310712,
      "equity": 20103.87604650536,
      "cash": 20103.87604650536
    },
    {
      "ts": 1772311022,
      "equity": 20103.87604650536,
      "cash": 20103.87604650536
    },
    {
      "ts": 1772311328,
      "equity": 20103.87604650536,
      "cash": 20103.87604650536
    },
    {
      "ts": 1772311633,
      "equity": 20103.87604650536,
      "cash": 20103.87604650536
    },
    {
      "ts": 1772311942,
      "equity": 20103.87604650536,
      "cash": 20103.87604650536
    },
    {
      "ts": 1772312242,
      "equity": 20103.87604650536,
      "cash": 20103.87604650536
    },
    {
      "ts": 1772312559,
      "equity": 20103.87604650536,
      "cash": 20103.87604650536
    },
    {
      "ts": 1772312872,
      "equity": 20103.87604650536,
      "cash": 20103.87604650536
    },
    {
      "ts": 1772313189,
      "equity": 20103.87604650536,
      "cash": 20103.87604650536
    },
    {
      "ts": 1772313503,
      "equity": 20103.87604650536,
      "cash": 20103.87604650536
    },
    {
      "ts": 1772313819,
      "equity": 20099.85527129606,
      "cash": 16079.080061994988
    },
    {
      "ts": 1772314132,
      "equity": 20090.189948100742,
      "cash": 10285.466577220155
    },
    {
      "ts": 1772314449,
      "equity": 20092.359462186017,
      "cash": 10285.466577220155
    },
    {
      "ts": 1772314764,
      "equity": 20129.0182122471,
      "cash": 10285.466577220155
    },
    {
      "ts": 1772315080,
      "equity": 20137.870278059258,
      "cash": 10285.466577220155
    },
    {
      "ts": 1772315391,
      "equity": 20131.685713134742,
      "cash": 10285.466577220155
    },
    {
      "ts": 1772315707,
      "equity": 20109.851919638637,
      "cash": 10285.466577220155
    }
  ],
  "metrics": [
    {
      "ts": 1772315707,
      "duration_ms": 3216,
      "status": "ok",
      "buys": 0,
      "sells": 0,
      "trades": 0,
      "fees": 0.0,
      "positions": 3,
      "equity": 20109.851919638637,
      "cash": 10285.466577220155,
      "note": ""
    },
    {
      "ts": 1772315392,
      "duration_ms": 2731,
      "status": "ok",
      "buys": 0,
      "sells": 0,
      "trades": 0,
      "fees": 0.0,
      "positions": 3,
      "equity": 20131.685713134742,
      "cash": 10285.466577220155,
      "note": ""
    },
    {
      "ts": 1772315080,
      "duration_ms": 3256,
      "status": "ok",
      "buys": 0,
      "sells": 0,
      "trades": 0,
      "fees": 0.0,
      "positions": 3,
      "equity": 20137.870278059258,
      "cash": 10285.466577220155,
      "note": ""
    },
    {
      "ts": 1772314764,
      "duration_ms": 3427,
      "status": "ok",
      "buys": 0,
      "sells": 0,
      "trades": 0,
      "fees": 0.0,
      "positions": 3,
      "equity": 20129.0182122471,
      "cash": 10285.466577220155,
      "note": ""
    },
    {
      "ts": 1772314449,
      "duration_ms": 4639,
      "status": "ok",
      "buys": 0,
      "sells": 0,
      "trades": 0,
      "fees": 0.0,
      "positions": 3,
      "equity": 20092.359462186017,
      "cash": 10285.466577220155,
      "note": ""
    },
    {
      "ts": 1772314132,
      "duration_ms": 3302,
      "status": "ok",
      "buys": 2,
      "sells": 0,
      "trades": 2,
      "fees": 5.7878256591157164,
      "positions": 3,
      "equity": 20090.189948100742,
      "cash": 10285.466577220155,
      "note": ""
    },
    {
      "ts": 1772313820,
      "duration_ms": 3478,
      "status": "ok",
      "buys": 1,
      "sells": 0,
      "trades": 1,
      "fees": 4.020775209301072,
      "positions": 1,
      "equity": 20099.85527129606,
      "cash": 16079.080061994988,
      "note": ""
    },
    {
      "ts": 1772313503,
      "duration_ms": 3202,
      "status": "ok",
      "buys": 0,
      "sells": 0,
      "trades": 0,
      "fees": 0.0,
      "positions": 0,
      "equity": 20103.87604650536,
      "cash": 20103.87604650536,
      "note": ""
    },
    {
      "ts": 1772313189,
      "duration_ms": 3735,
      "status": "ok",
      "buys": 0,
      "sells": 0,
      "trades": 0,
      "fees": 0.0,
      "positions": 0,
      "equity": 20103.87604650536,
      "cash": 20103.87604650536,
      "note": ""
    },
    {
      "ts": 1772312872,
      "duration_ms": 3077,
      "status": "ok",
      "buys": 0,
      "sells": 0,
      "trades": 0,
      "fees": 0.0,
      "positions": 0,
      "equity": 20103.87604650536,
      "cash": 20103.87604650536,
      "note": ""
    },
    {
      "ts": 1772312559,
      "duration_ms": 3282,
      "status": "ok",
      "buys": 0,
      "sells": 0,
      "trades": 0,
      "fees": 0.0,
      "positions": 0,
      "equity": 20103.87604650536,
      "cash": 20103.87604650536,
      "note": ""
    },
    {
      "ts": 1772312242,
      "duration_ms": 2766,
      "status": "ok",
      "buys": 0,
      "sells": 0,
      "trades": 0,
      "fees": 0.0,
      "positions": 0,
      "equity": 20103.87604650536,
      "cash": 20103.87604650536,
      "note": ""
    },
    {
      "ts": 1772311942,
      "duration_ms": 3063,
      "status": "ok",
      "buys": 0,
      "sells": 0,
      "trades": 0,
      "fees": 0.0,
      "positions": 0,
      "equity": 20103.87604650536,
      "cash": 20103.87604650536,
      "note": ""
    },
    {
      "ts": 1772311633,
      "duration_ms": 2913,
      "status": "ok",
      "buys": 0,
      "sells": 0,
      "trades": 0,
      "fees": 0.0,
      "positions": 0,
      "equity": 20103.87604650536,
      "cash": 20103.87604650536,
      "note": ""
    },
    {
      "ts": 1772311328,
      "duration_ms": 3843,
      "status": "ok",
      "buys": 0,
      "sells": 0,
      "trades": 0,
      "fees": 0.0,
      "positions": 0,
      "equity": 20103.87604650536,
      "cash": 20103.87604650536,
      "note": ""
    },
    {
      "ts": 1772311022,
      "duration_ms": 2876,
      "status": "ok",
      "buys": 0,
      "sells": 0,
      "trades": 0,
      "fees": 0.0,
      "positions": 0,
      "equity": 20103.87604650536,
      "cash": 20103.87604650536,
      "note": ""
    },
    {
      "ts": 1772310712,
      "duration_ms": 2903,
      "status": "ok",
      "buys": 0,
      "sells": 0,
      "trades": 0,
      "fees": 0.0,
      "positions": 0,
      "equity": 20103.87604650536,
      "cash": 20103.87604650536,
      "note": ""
    },
    {
      "ts": 1772310412,
      "duration_ms": 3090,
      "status": "ok",
      "buys": 0,
      "sells": 2,
      "trades": 2,
      "fees": 7.282679533637147,
      "positions": 0,
      "equity": 20103.87604650536,
      "cash": 20103.87604650536,
      "note": ""
    },
    {
      "ts": 1772310103,
      "duration_ms": 3042,
      "status": "ok",
      "buys": 0,
      "sells": 1,
      "trades": 1,
      "fees": 2.5819786582634383,
      "positions": 2,
      "equity": 20085.794389322782,
      "cash": 12828.47919240185,
      "note": ""
    },
    {
      "ts": 1772309788,
      "duration_ms": 3171,
      "status": "ok",
      "buys": 0,
      "sells": 0,
      "trades": 0,
      "fees": 0.0,
      "positions": 3,
      "equity": 20046.742051852867,
      "cash": 10249.082512796675,
      "note": ""
    },
    {
      "ts": 1772309472,
      "duration_ms": 2874,
      "status": "ok",
      "buys": 0,
      "sells": 0,
      "trades": 0,
      "fees": 0.0,
      "positions": 3,
      "equity": 20022.266794469415,
      "cash": 10249.082512796675,
      "note": ""
    },
    {
      "ts": 1772309152,
      "duration_ms": 2780,
      "status": "ok",
      "buys": 0,
      "sells": 0,
      "trades": 0,
      "fees": 0.0,
      "positions": 3,
      "equity": 19985.866449036977,
      "cash": 10249.082512796675,
      "note": ""
    },
    {
      "ts": 1772308851,
      "duration_ms": 2764,
      "status": "ok",
      "buys": 0,
      "sells": 0,
      "trades": 0,
      "fees": 0.0,
      "positions": 3,
      "equity": 19984.930479071532,
      "cash": 10249.082512796675,
      "note": ""
    },
    {
      "ts": 1772308551,
      "duration_ms": 3048,
      "status": "ok",
      "buys": 1,
      "sells": 0,
      "trades": 1,
      "fees": 2.5629113560381787,
      "positions": 3,
      "equity": 20005.909985112194,
      "cash": 10249.082512796675,
      "note": ""
    },
    {
      "ts": 1772308242,
      "duration_ms": 3005,
      "status": "ok",
      "buys": 0,
      "sells": 0,
      "trades": 0,
      "fees": 0.0,
      "positions": 2,
      "equity": 20022.497719597824,
      "cash": 12814.556780190891,
      "note": ""
    },
    {
      "ts": 1772307942,
      "duration_ms": 3011,
      "status": "ok",
      "buys": 1,
      "sells": 0,
      "trades": 1,
      "fees": 3.2044403051240042,
      "positions": 2,
      "equity": 20010.034866508257,
      "cash": 12814.556780190891,
      "note": ""
    },
    {
      "ts": 1772307622,
      "duration_ms": 2866,
      "status": "ok",
      "buys": 1,
      "sells": 0,
      "trades": 1,
      "fees": 4.006552019409857,
      "positions": 1,
      "equity": 20028.753545029875,
      "cash": 16022.20152562002,
      "note": ""
    },
    {
      "ts": 1772307311,
      "duration_ms": 2614,
      "status": "ok",
      "buys": 0,
      "sells": 0,
      "trades": 0,
      "fees": 0.0,
      "positions": 0,
      "equity": 20032.760097049286,
      "cash": 20032.760097049286,
      "note": ""
    },
    {
      "ts": 1772306992,
      "duration_ms": 3069,
      "status": "ok",
      "buys": 0,
      "sells": 0,
      "trades": 0,
      "fees": 0.0,
      "positions": 0,
      "equity": 20032.760097049286,
      "cash": 20032.760097049286,
      "note": ""
    },
    {
      "ts": 1772306692,
      "duration_ms": 2874,
      "status": "ok",
      "buys": 0,
      "sells": 0,
      "trades": 0,
      "fees": 0.0,
      "positions": 0,
      "equity": 20032.760097049286,
      "cash": 20032.760097049286,
      "note": ""
    },
    {
      "ts": 1772306390,
      "duration_ms": 2845,
      "status": "ok",
      "buys": 0,
      "sells": 0,
      "trades": 0,
      "fees": 0.0,
      "positions": 0,
      "equity": 20032.760097049286,
      "cash": 20032.760097049286,
      "note": ""
    },
    {
      "ts": 1772306082,
      "duration_ms": 2892,
      "status": "ok",
      "buys": 0,
      "sells": 0,
      "trades": 0,
      "fees": 0.0,
      "positions": 0,
      "equity": 20032.760097049286,
      "cash": 20032.760097049286,
      "note": ""
    },
    {
      "ts": 1772305781,
      "duration_ms": 3184,
      "status": "ok",
      "buys": 0,
      "sells": 0,
      "trades": 0,
      "fees": 0.0,
      "positions": 0,
      "equity": 20032.760097049286,
      "cash": 20032.760097049286,
      "note": ""
    },
    {
      "ts": 1772305465,
      "duration_ms": 3362,
      "status": "ok",
      "buys": 0,
      "sells": 0,
      "trades": 0,
      "fees": 0.0,
      "positions": 0,
      "equity": 20032.760097049286,
      "cash": 20032.760097049286,
      "note": ""
    },
    {
      "ts": 1772305150,
      "duration_ms": 2980,
      "status": "ok",
      "buys": 0,
      "sells": 0,
      "trades": 0,
      "fees": 0.0,
      "positions": 0,
      "equity": 20032.760097049286,
      "cash": 20032.760097049286,
      "note": ""
    },
    {
      "ts": 1772304832,
      "duration_ms": 3183,
      "status": "ok",
      "buys": 0,
      "sells": 1,
      "trades": 1,
      "fees": 3.2515369400153973,
      "positions": 0,
      "equity": 20032.760097049286,
      "cash": 20032.760097049286,
      "note": ""
    },
    {
      "ts": 1772304521,
      "duration_ms": 2964,
      "status": "ok",
      "buys": 0,
      "sells": 0,
      "trades": 0,
      "fees": 0.0,
      "positions": 1,
      "equity": 20028.59834529792,
      "cash": 16784.474693973905,
      "note": ""
    },
    {
      "ts": 1772304205,
      "duration_ms": 4099,
      "status": "ok",
      "buys": 0,
      "sells": 0,
      "trades": 0,
      "fees": 0.0,
      "positions": 1,
      "equity": 20024.886023864932,
      "cash": 16784.474693973905,
      "note": ""
    },
    {
      "ts": 1772303889,
      "duration_ms": 4216,
      "status": "ok",
      "buys": 0,
      "sells": 2,
      "trades": 2,
      "fees": 6.619127373669888,
      "positions": 1,
      "equity": 20029.095954341064,
      "cash": 16784.474693973905,
      "note": ""
    },
    {
      "ts": 1772303574,
      "duration_ms": 3132,
      "status": "ok",
      "buys": 0,
      "sells": 0,
      "trades": 0,
      "fees": 0.0,
      "positions": 3,
      "equity": 19966.121924227118,
      "cash": 10171.966447677689,
      "note": ""
    },
    {
      "ts": 1772303272,
      "duration_ms": 3218,
      "status": "ok",
      "buys": 0,
      "sells": 0,
      "trades": 0,
      "fees": 0.0,
      "positions": 3,
      "equity": 19928.799242079745,
      "cash": 10171.966447677689,
      "note": ""
    },
    {
      "ts": 1772302968,
      "duration_ms": 3398,
      "status": "ok",
      "buys": 0,
      "sells": 0,
      "trades": 0,
      "fees": 0.0,
      "positions": 3,
      "equity": 19922.985073066702,
      "cash": 10171.966447677689,
      "note": ""
    },
    {
      "ts": 1772302652,
      "duration_ms": 3024,
      "status": "ok",
      "buys": 0,
      "sells": 0,
      "trades": 0,
      "fees": 0.0,
      "positions": 3,
      "equity": 19930.786782088362,
      "cash": 10171.966447677689,
      "note": ""
    },
    {
      "ts": 1772302338,
      "duration_ms": 3561,
      "status": "ok",
      "buys": 0,
      "sells": 0,
      "trades": 0,
      "fees": 0.0,
      "positions": 3,
      "equity": 19936.15424961588,
      "cash": 10171.966447677689,
      "note": ""
    },
    {
      "ts": 1772302032,
      "duration_ms": 2969,
      "status": "ok",
      "buys": 0,
      "sells": 0,
      "trades": 0,
      "fees": 0.0,
      "positions": 3,
      "equity": 19949.470286099033,
      "cash": 10171.966447677689,
      "note": ""
    },
    {
      "ts": 1772301730,
      "duration_ms": 3588,
      "status": "ok",
      "buys": 0,
      "sells": 0,
      "trades": 0,
      "fees": 0.0,
      "positions": 3,
      "equity": 19937.077802618976,
      "cash": 10171.966447677689,
      "note": ""
    },
    {
      "ts": 1772301413,
      "duration_ms": 3215,
      "status": "ok",
      "buys": 0,
      "sells": 0,
      "trades": 0,
      "fees": 0.0,
      "positions": 3,
      "equity": 19914.369231902092,
      "cash": 10171.966447677689,
      "note": ""
    },
    {
      "ts": 1772301112,
      "duration_ms": 3147,
      "status": "ok",
      "buys": 0,
      "sells": 0,
      "trades": 0,
      "fees": 0.0,
      "positions": 3,
      "equity": 19918.41713065714,
      "cash": 10171.966447677689,
      "note": ""
    },
    {
      "ts": 1772300807,
      "duration_ms": 3651,
      "status": "ok",
      "buys": 0,
      "sells": 0,
      "trades": 0,
      "fees": 0.0,
      "positions": 3,
      "equity": 19877.595483814,
      "cash": 10171.966447677689,
      "note": ""
    },
    {
      "ts": 1772300491,
      "duration_ms": 2823,
      "status": "ok",
      "buys": 0,
      "sells": 0,
      "trades": 0,
      "fees": 0.0,
      "positions": 3,
      "equity": 19894.627189904535,
      "cash": 10171.966447677689,
      "note": ""
    },
    {
      "ts": 1772300169,
      "duration_ms": 3654,
      "status": "ok",
      "buys": 0,
      "sells": 0,
      "trades": 0,
      "fees": 0.0,
      "positions": 3,
      "equity": 19905.505644272813,
      "cash": 10171.966447677689,
      "note": ""
    },
    {
      "ts": 1772299862,
      "duration_ms": 3648,
      "status": "ok",
      "buys": 0,
      "sells": 0,
      "trades": 0,
      "fees": 0.0,
      "positions": 3,
      "equity": 19919.763722945485,
      "cash": 10171.966447677689,
      "note": ""
    },
    {
      "ts": 1772299552,
      "duration_ms": 3222,
      "status": "ok",
      "buys": 0,
      "sells": 0,
      "trades": 0,
      "fees": 0.0,
      "positions": 3,
      "equity": 19914.293188103526,
      "cash": 10171.966447677689,
      "note": ""
    },
    {
      "ts": 1772299251,
      "duration_ms": 2941,
      "status": "ok",
      "buys": 0,
      "sells": 0,
      "trades": 0,
      "fees": 0.0,
      "positions": 3,
      "equity": 19886.712987384675,
      "cash": 10171.966447677689,
      "note": ""
    },
    {
      "ts": 1772298936,
      "duration_ms": 3232,
      "status": "ok",
      "buys": 0,
      "sells": 0,
      "trades": 0,
      "fees": 0.0,
      "positions": 3,
      "equity": 19904.2612120926,
      "cash": 10171.966447677689,
      "note": ""
    },
    {
      "ts": 1772298622,
      "duration_ms": 3177,
      "status": "ok",
      "buys": 0,
      "sells": 0,
      "trades": 0,
      "fees": 0.0,
      "positions": 3,
      "equity": 19900.073533283547,
      "cash": 10171.966447677689,
      "note": ""
    },
    {
      "ts": 1772298312,
      "duration_ms": 3108,
      "status": "ok",
      "buys": 0,
      "sells": 0,
      "trades": 0,
      "fees": 0.0,
      "positions": 3,
      "equity": 19906.22543392872,
      "cash": 10171.966447677689,
      "note": ""
    },
    {
      "ts": 1772298010,
      "duration_ms": 4302,
      "status": "ok",
      "buys": 0,
      "sells": 0,
      "trades": 0,
      "fees": 0.0,
      "positions": 3,
      "equity": 19912.112417826393,
      "cash": 10171.966447677689,
      "note": ""
    },
    {
      "ts": 1772297692,
      "duration_ms": 3159,
      "status": "ok",
      "buys": 0,
      "sells": 0,
      "trades": 0,
      "fees": 0.0,
      "positions": 3,
      "equity": 19908.241819825715,
      "cash": 10171.966447677689,
      "note": ""
    },
    {
      "ts": 1772297382,
      "duration_ms": 2830,
      "status": "ok",
      "buys": 0,
      "sells": 0,
      "trades": 0,
      "fees": 0.0,
      "positions": 3,
      "equity": 19908.038242352108,
      "cash": 10171.966447677689,
      "note": ""
    },
    {
      "ts": 1772297070,
      "duration_ms": 3132,
      "status": "ok",
      "buys": 0,
      "sells": 0,
      "trades": 0,
      "fees": 0.0,
      "positions": 3,
      "equity": 19929.67972542085,
      "cash": 10171.966447677689,
      "note": ""
    },
    {
      "ts": 1772296754,
      "duration_ms": 3777,
      "status": "ok",
      "buys": 0,
      "sells": 0,
      "trades": 0,
      "fees": 0.0,
      "positions": 3,
      "equity": 19879.333948562773,
      "cash": 10171.966447677689,
      "note": ""
    },
    {
      "ts": 1772296433,
      "duration_ms": 3350,
      "status": "ok",
      "buys": 0,
      "sells": 0,
      "trades": 0,
      "fees": 0.0,
      "positions": 3,
      "equity": 19897.536075696604,
      "cash": 10171.966447677689,
      "note": ""
    },
    {
      "ts": 1772296122,
      "duration_ms": 3134,
      "status": "ok",
      "buys": 0,
      "sells": 0,
      "trades": 0,
      "fees": 0.0,
      "positions": 3,
      "equity": 19900.24815548772,
      "cash": 10171.966447677689,
      "note": ""
    },
    {
      "ts": 1772295809,
      "duration_ms": 3379,
      "status": "ok",
      "buys": 0,
      "sells": 0,
      "trades": 0,
      "fees": 0.0,
      "positions": 3,
      "equity": 19891.20513252377,
      "cash": 10171.966447677689,
      "note": ""
    },
    {
      "ts": 1772295488,
      "duration_ms": 3929,
      "status": "ok",
      "buys": 0,
      "sells": 0,
      "trades": 0,
      "fees": 0.0,
      "positions": 3,
      "equity": 19869.474931238652,
      "cash": 10171.966447677689,
      "note": ""
    },
    {
      "ts": 1772295172,
      "duration_ms": 3189,
      "status": "ok",
      "buys": 0,
      "sells": 0,
      "trades": 0,
      "fees": 0.0,
      "positions": 3,
      "equity": 19887.988261175833,
      "cash": 10171.966447677689,
      "note": ""
    },
    {
      "ts": 1772294863,
      "duration_ms": 3219,
      "status": "ok",
      "buys": 0,
      "sells": 0,
      "trades": 0,
      "fees": 0.0,
      "positions": 3,
      "equity": 19872.959608600642,
      "cash": 10171.966447677689,
      "note": ""
    },
    {
      "ts": 1772294549,
      "duration_ms": 3808,
      "status": "ok",
      "buys": 0,
      "sells": 0,
      "trades": 0,
      "fees": 0.0,
      "positions": 3,
      "equity": 19872.90426872668,
      "cash": 10171.966447677689,
      "note": ""
    },
    {
      "ts": 1772294233,
      "duration_ms": 3358,
      "status": "ok",
      "buys": 0,
      "sells": 0,
      "trades": 0,
      "fees": 0.0,
      "positions": 3,
      "equity": 19889.339805720032,
      "cash": 10171.966447677689,
      "note": ""
    },
    {
      "ts": 1772293912,
      "duration_ms": 3176,
      "status": "ok",
      "buys": 0,
      "sells": 0,
      "trades": 0,
      "fees": 0.0,
      "positions": 3,
      "equity": 19873.20369923722,
      "cash": 10171.966447677689,
      "note": ""
    },
    {
      "ts": 1772293602,
      "duration_ms": 2965,
      "status": "ok",
      "buys": 0,
      "sells": 0,
      "trades": 0,
      "fees": 0.0,
      "positions": 3,
      "equity": 19875.691893307652,
      "cash": 10171.966447677689,
      "note": ""
    },
    {
      "ts": 1772293282,
      "duration_ms": 3341,
      "status": "ok",
      "buys": 1,
      "sells": 0,
      "trades": 1,
      "fees": 2.5436275187991217,
      "positions": 3,
      "equity": 19877.297202751393,
      "cash": 10171.966447677689,
      "note": ""
    },
    {
      "ts": 1772292972,
      "duration_ms": 2977,
      "status": "ok",
      "buys": 0,
      "sells": 0,
      "trades": 0,
      "fees": 0.0,
      "positions": 2,
      "equity": 19899.810433337447,
      "cash": 12718.137593995609,
      "note": ""
    },
    {
      "ts": 1772292673,
      "duration_ms": 3494,
      "status": "ok",
      "buys": 0,
      "sells": 0,
      "trades": 0,
      "fees": 0.0,
      "positions": 2,
      "equity": 19866.84107095622,
      "cash": 12718.137593995609,
      "note": ""
    },
    {
      "ts": 1772292372,
      "duration_ms": 3091,
      "status": "ok",
      "buys": 0,
      "sells": 0,
      "trades": 0,
      "fees": 0.0,
      "positions": 2,
      "equity": 19846.259823440094,
      "cash": 12718.137593995609,
      "note": ""
    },
    {
      "ts": 1772292072,
      "duration_ms": 2861,
      "status": "ok",
      "buys": 0,
      "sells": 0,
      "trades": 0,
      "fees": 0.0,
      "positions": 2,
      "equity": 19824.590643872125,
      "cash": 12718.137593995609,
      "note": ""
    },
    {
      "ts": 1772291758,
      "duration_ms": 4193,
      "status": "ok",
      "buys": 0,
      "sells": 0,
      "trades": 0,
      "fees": 0.0,
      "positions": 2,
      "equity": 19814.956967627928,
      "cash": 12718.137593995609,
      "note": ""
    },
    {
      "ts": 1772291453,
      "duration_ms": 3304,
      "status": "ok",
      "buys": 0,
      "sells": 0,
      "trades": 0,
      "fees": 0.0,
      "positions": 2,
      "equity": 19833.059904654525,
      "cash": 12718.137593995609,
      "note": ""
    },
    {
      "ts": 1772291144,
      "duration_ms": 3322,
      "status": "ok",
      "buys": 0,
      "sells": 0,
      "trades": 0,
      "fees": 0.0,
      "positions": 2,
      "equity": 19847.95742530175,
      "cash": 12718.137593995609,
      "note": ""
    },
    {
      "ts": 1772290829,
      "duration_ms": 3233,
      "status": "ok",
      "buys": 0,
      "sells": 0,
      "trades": 0,
      "fees": 0.0,
      "positions": 2,
      "equity": 19839.123078287394,
      "cash": 12718.137593995609,
      "note": ""
    },
    {
      "ts": 1772290514,
      "duration_ms": 3331,
      "status": "ok",
      "buys": 1,
      "sells": 0,
      "trades": 1,
      "fees": 3.1803294808691196,
      "positions": 2,
      "equity": 19835.162895253532,
      "cash": 12718.137593995609,
      "note": ""
    },
    {
      "ts": 1772290210,
      "duration_ms": 4079,
      "status": "ok",
      "buys": 0,
      "sells": 0,
      "trades": 0,
      "fees": 0.0,
      "positions": 1,
      "equity": 19862.365403464046,
      "cash": 15901.647404345596,
      "note": ""
    },
    {
      "ts": 1772289904,
      "duration_ms": 3833,
      "status": "ok",
      "buys": 1,
      "sells": 0,
      "trades": 1,
      "fees": 3.976405952574543,
      "positions": 1,
      "equity": 19878.05335692014,
      "cash": 15901.647404345596,
      "note": ""
    },
    {
      "ts": 1772289592,
      "duration_ms": 3090,
      "status": "ok",
      "buys": 0,
      "sells": 1,
      "trades": 1,
      "fees": 3.996412644288124,
      "positions": 0,
      "equity": 19882.029762872713,
      "cash": 19882.029762872713,
      "note": ""
    },
    {
      "ts": 1772289280,
      "duration_ms": 3009,
      "status": "ok",
      "buys": 0,
      "sells": 0,
      "trades": 0,
      "fees": 0.0,
      "positions": 1,
      "equity": 19866.549561834516,
      "cash": 15889.613531228879,
      "note": ""
    },
    {
      "ts": 1772288969,
      "duration_ms": 5836,
      "status": "ok",
      "buys": 0,
      "sells": 0,
      "trades": 0,
      "fees": 0.0,
      "positions": 1,
      "equity": 19870.654310524587,
      "cash": 15889.613531228879,
      "note": ""
    },
    {
      "ts": 1772288649,
      "duration_ms": 3588,
      "status": "ok",
      "buys": 0,
      "sells": 0,
      "trades": 0,
      "fees": 0.0,
      "positions": 1,
      "equity": 19861.334855590496,
      "cash": 15889.613531228879,
      "note": ""
    },
    {
      "ts": 1772288332,
      "duration_ms": 3278,
      "status": "ok",
      "buys": 0,
      "sells": 0,
      "trades": 0,
      "fees": 0.0,
      "positions": 1,
      "equity": 19862.696124288734,
      "cash": 15889.613531228879,
      "note": ""
    },
    {
      "ts": 1772288019,
      "duration_ms": 3282,
      "status": "ok",
      "buys": 0,
      "sells": 0,
      "trades": 0,
      "fees": 0.0,
      "positions": 1,
      "equity": 19865.062637564133,
      "cash": 15889.613531228879,
      "note": ""
    },
    {
      "ts": 1772287704,
      "duration_ms": 3160,
      "status": "ok",
      "buys": 0,
      "sells": 0,
      "trades": 0,
      "fees": 0.0,
      "positions": 1,
      "equity": 19864.245876345187,
      "cash": 15889.613531228879,
      "note": ""
    },
    {
      "ts": 1772287389,
      "duration_ms": 3359,
      "status": "ok",
      "buys": 1,
      "sells": 0,
      "trades": 1,
      "fees": 3.9733967319902175,
      "positions": 1,
      "equity": 19863.010263219097,
      "cash": 15889.613531228879,
      "note": ""
    },
    {
      "ts": 1772287072,
      "duration_ms": 3200,
      "status": "ok",
      "buys": 0,
      "sells": 0,
      "trades": 0,
      "fees": 0.0,
      "positions": 0,
      "equity": 19866.983659951085,
      "cash": 19866.983659951085,
      "note": ""
    },
    {
      "ts": 1772286759,
      "duration_ms": 3798,
      "status": "ok",
      "buys": 0,
      "sells": 1,
      "trades": 1,
      "fees": 4.014118412118261,
      "positions": 0,
      "equity": 19866.983659951085,
      "cash": 19866.983659951085,
      "note": ""
    },
    {
      "ts": 1772286442,
      "duration_ms": 2849,
      "status": "ok",
      "buys": 0,
      "sells": 0,
      "trades": 0,
      "fees": 0.0,
      "positions": 1,
      "equity": 19834.868531377888,
      "cash": 15856.879366244943,
      "note": ""
    },
    {
      "ts": 1772286129,
      "duration_ms": 3252,
      "status": "ok",
      "buys": 0,
      "sells": 0,
      "trades": 0,
      "fees": 0.0,
      "positions": 1,
      "equity": 19820.341355467954,
      "cash": 15856.879366244943,
      "note": ""
    },
    {
      "ts": 1772285829,
      "duration_ms": 3580,
      "status": "ok",
      "buys": 0,
      "sells": 1,
      "trades": 1,
      "fees": 3.154702322421361,
      "positions": 1,
      "equity": 19820.97714792129,
      "cash": 15856.879366244943,
      "note": ""
    },
    {
      "ts": 1772285530,
      "duration_ms": 3691,
      "status": "ok",
      "buys": 0,
      "sells": 0,
      "trades": 0,
      "fees": 0.0,
      "positions": 2,
      "equity": 19839.8044643282,
      "cash": 12705.331746146003,
      "note": ""
    },
    {
      "ts": 1772285229,
      "duration_ms": 3669,
      "status": "ok",
      "buys": 0,
      "sells": 0,
      "trades": 0,
      "fees": 0.0,
      "positions": 2,
      "equity": 19836.680130436278,
      "cash": 12705.331746146003,
      "note": ""
    },
    {
      "ts": 1772284912,
      "duration_ms": 3686,
      "status": "ok",
      "buys": 0,
      "sells": 0,
      "trades": 0,
      "fees": 0.0,
      "positions": 2,
      "equity": 19836.995843880733,
      "cash": 12705.331746146003,
      "note": ""
    },
    {
      "ts": 1772284598,
      "duration_ms": 3484,
      "status": "ok",
      "buys": 2,
      "sells": 0,
      "trades": 2,
      "fees": 7.149529341798308,
      "positions": 2,
      "equity": 19854.86108794431,
      "cash": 12705.331746146003,
      "note": ""
    },
    {
      "ts": 1772284286,
      "duration_ms": 5389,
      "status": "ok",
      "buys": 0,
      "sells": 0,
      "trades": 0,
      "fees": 0.0,
      "positions": 0,
      "equity": 19862.01061728611,
      "cash": 19862.01061728611,
      "note": ""
    },
    {
      "ts": 1772283969,
      "duration_ms": 3489,
      "status": "ok",
      "buys": 0,
      "sells": 0,
      "trades": 0,
      "fees": 0.0,
      "positions": 0,
      "equity": 19862.01061728611,
      "cash": 19862.01061728611,
      "note": ""
    },
    {
      "ts": 1772283652,
      "duration_ms": 3048,
      "status": "ok",
      "buys": 0,
      "sells": 0,
      "trades": 0,
      "fees": 0.0,
      "positions": 0,
      "equity": 19862.01061728611,
      "cash": 19862.01061728611,
      "note": ""
    },
    {
      "ts": 1772283337,
      "duration_ms": 3299,
      "status": "ok",
      "buys": 0,
      "sells": 0,
      "trades": 0,
      "fees": 0.0,
      "positions": 0,
      "equity": 19862.01061728611,
      "cash": 19862.01061728611,
      "note": ""
    },
    {
      "ts": 1772283009,
      "duration_ms": 3514,
      "status": "ok",
      "buys": 0,
      "sells": 1,
      "trades": 1,
      "fees": 3.966641558859714,
      "positions": 0,
      "equity": 19862.01061728611,
      "cash": 19862.01061728611,
      "note": ""
    },
    {
      "ts": 1772282693,
      "duration_ms": 3175,
      "status": "ok",
      "buys": 0,
      "sells": 0,
      "trades": 0,
      "fees": 0.0,
      "positions": 1,
      "equity": 19874.546907484222,
      "cash": 15899.335699985253,
      "note": ""
    },
    {
      "ts": 1772282391,
      "duration_ms": 3092,
      "status": "ok",
      "buys": 0,
      "sells": 0,
      "trades": 0,
      "fees": 0.0,
      "positions": 1,
      "equity": 19873.696322011343,
      "cash": 15899.335699985253,
      "note": ""
    },
    {
      "ts": 1772282062,
      "duration_ms": 2972,
      "status": "ok",
      "buys": 0,
      "sells": 0,
      "trades": 0,
      "fees": 0.0,
      "positions": 1,
      "equity": 19873.845174469097,
      "cash": 15899.335699985253,
      "note": ""
    },
    {
      "ts": 1772281763,
      "duration_ms": 4002,
      "status": "ok",
      "buys": 1,
      "sells": 0,
      "trades": 1,
      "fees": 3.975827881966805,
      "positions": 1,
      "equity": 19875.16358195206,
      "cash": 15899.335699985253,
      "note": ""
    },
    {
      "ts": 1772281462,
      "duration_ms": 3300,
      "status": "ok",
      "buys": 0,
      "sells": 0,
      "trades": 0,
      "fees": 0.0,
      "positions": 0,
      "equity": 19879.139409834024,
      "cash": 19879.139409834024,
      "note": ""
    },
    {
      "ts": 1772281152,
      "duration_ms": 3500,
      "status": "ok",
      "buys": 0,
      "sells": 0,
      "trades": 0,
      "fees": 0.0,
      "positions": 0,
      "equity": 19879.139409834024,
      "cash": 19879.139409834024,
      "note": ""
    },
    {
      "ts": 1772280847,
      "duration_ms": 3601,
      "status": "ok",
      "buys": 0,
      "sells": 0,
      "trades": 0,
      "fees": 0.0,
      "positions": 0,
      "equity": 19879.139409834024,
      "cash": 19879.139409834024,
      "note": ""
    },
    {
      "ts": 1772280546,
      "duration_ms": 3481,
      "status": "ok",
      "buys": 0,
      "sells": 1,
      "trades": 1,
      "fees": 3.956549534170642,
      "positions": 0,
      "equity": 19879.139409834024,
      "cash": 19879.139409834024,
      "note": ""
    },
    {
      "ts": 1772280246,
      "duration_ms": 4061,
      "status": "ok",
      "buys": 0,
      "sells": 0,
      "trades": 0,
      "fees": 0.0,
      "positions": 1,
      "equity": 19878.08004971534,
      "cash": 15926.546425197552,
      "note": ""
    },
    {
      "ts": 1772279942,
      "duration_ms": 3155,
      "status": "ok",
      "buys": 0,
      "sells": 0,
      "trades": 0,
      "fees": 0.0,
      "positions": 1,
      "equity": 19876.0736858542,
      "cash": 15926.546425197552,
      "note": ""
    },
    {
      "ts": 1772279632,
      "duration_ms": 3348,
      "status": "ok",
      "buys": 0,
      "sells": 0,
      "trades": 0,
      "fees": 0.0,
      "positions": 1,
      "equity": 19892.626187708614,
      "cash": 15926.546425197552,
      "note": ""
    },
    {
      "ts": 1772279330,
      "duration_ms": 3713,
      "status": "ok",
      "buys": 0,
      "sells": 0,
      "trades": 0,
      "fees": 0.0,
      "positions": 1,
      "equity": 19889.11505095162,
      "cash": 15926.546425197552,
      "note": ""
    },
    {
      "ts": 1772279029,
      "duration_ms": 2844,
      "status": "ok",
      "buys": 0,
      "sells": 0,
      "trades": 0,
      "fees": 0.0,
      "positions": 1,
      "equity": 19888.111869021046,
      "cash": 15926.546425197552,
      "note": ""
    },
    {
      "ts": 1772278731,
      "duration_ms": 4076,
      "status": "ok",
      "buys": 0,
      "sells": 0,
      "trades": 0,
      "fees": 0.0,
      "positions": 1,
      "equity": 19894.13096060447,
      "cash": 15926.546425197552,
      "note": ""
    },
    {
      "ts": 1772278429,
      "duration_ms": 3682,
      "status": "ok",
      "buys": 1,
      "sells": 0,
      "trades": 1,
      "fees": 3.9826322643654795,
      "positions": 1,
      "equity": 19909.178689563032,
      "cash": 15926.546425197552,
      "note": ""
    },
    {
      "ts": 1772278102,
      "duration_ms": 2907,
      "status": "ok",
      "buys": 0,
      "sells": 0,
      "trades": 0,
      "fees": 0.0,
      "positions": 0,
      "equity": 19913.161321827396,
      "cash": 19913.161321827396,
      "note": ""
    },
    {
      "ts": 1772277799,
      "duration_ms": 3545,
      "status": "ok",
      "buys": 0,
      "sells": 0,
      "trades": 0,
      "fees": 0.0,
      "positions": 0,
      "equity": 19913.161321827396,
      "cash": 19913.161321827396,
      "note": ""
    },
    {
      "ts": 1772277499,
      "duration_ms": 3365,
      "status": "ok",
      "buys": 0,
      "sells": 0,
      "trades": 0,
      "fees": 0.0,
      "positions": 0,
      "equity": 19913.161321827396,
      "cash": 19913.161321827396,
      "note": ""
    },
    {
      "ts": 1772277192,
      "duration_ms": 3117,
      "status": "ok",
      "buys": 0,
      "sells": 0,
      "trades": 0,
      "fees": 0.0,
      "positions": 0,
      "equity": 19913.161321827396,
      "cash": 19913.161321827396,
      "note": ""
    },
    {
      "ts": 1772276888,
      "duration_ms": 3665,
      "status": "ok",
      "buys": 0,
      "sells": 0,
      "trades": 0,
      "fees": 0.0,
      "positions": 0,
      "equity": 19913.161321827396,
      "cash": 19913.161321827396,
      "note": ""
    },
    {
      "ts": 1772276583,
      "duration_ms": 3600,
      "status": "ok",
      "buys": 0,
      "sells": 0,
      "trades": 0,
      "fees": 0.0,
      "positions": 0,
      "equity": 19913.161321827396,
      "cash": 19913.161321827396,
      "note": ""
    },
    {
      "ts": 1772276283,
      "duration_ms": 3803,
      "status": "ok",
      "buys": 0,
      "sells": 0,
      "trades": 0,
      "fees": 0.0,
      "positions": 0,
      "equity": 19913.161321827396,
      "cash": 19913.161321827396,
      "note": ""
    },
    {
      "ts": 1772275972,
      "duration_ms": 3273,
      "status": "ok",
      "buys": 0,
      "sells": 0,
      "trades": 0,
      "fees": 0.0,
      "positions": 0,
      "equity": 19913.161321827396,
      "cash": 19913.161321827396,
      "note": ""
    },
    {
      "ts": 1772275672,
      "duration_ms": 3324,
      "status": "ok",
      "buys": 0,
      "sells": 0,
      "trades": 0,
      "fees": 0.0,
      "positions": 0,
      "equity": 19913.161321827396,
      "cash": 19913.161321827396,
      "note": ""
    },
    {
      "ts": 1772275353,
      "duration_ms": 3177,
      "status": "ok",
      "buys": 0,
      "sells": 0,
      "trades": 0,
      "fees": 0.0,
      "positions": 0,
      "equity": 19913.161321827396,
      "cash": 19913.161321827396,
      "note": ""
    },
    {
      "ts": 1772275052,
      "duration_ms": 3261,
      "status": "ok",
      "buys": 0,
      "sells": 0,
      "trades": 0,
      "fees": 0.0,
      "positions": 0,
      "equity": 19913.161321827396,
      "cash": 19913.161321827396,
      "note": ""
    },
    {
      "ts": 1772274728,
      "duration_ms": 3799,
      "status": "ok",
      "buys": 0,
      "sells": 0,
      "trades": 0,
      "fees": 0.0,
      "positions": 0,
      "equity": 19913.161321827396,
      "cash": 19913.161321827396,
      "note": ""
    },
    {
      "ts": 1772274412,
      "duration_ms": 3243,
      "status": "ok",
      "buys": 0,
      "sells": 0,
      "trades": 0,
      "fees": 0.0,
      "positions": 0,
      "equity": 19913.161321827396,
      "cash": 19913.161321827396,
      "note": ""
    },
    {
      "ts": 1772274106,
      "duration_ms": 3443,
      "status": "ok",
      "buys": 0,
      "sells": 0,
      "trades": 0,
      "fees": 0.0,
      "positions": 0,
      "equity": 19913.161321827396,
      "cash": 19913.161321827396,
      "note": ""
    },
    {
      "ts": 1772273792,
      "duration_ms": 3198,
      "status": "ok",
      "buys": 0,
      "sells": 0,
      "trades": 0,
      "fees": 0.0,
      "positions": 0,
      "equity": 19913.161321827396,
      "cash": 19913.161321827396,
      "note": ""
    },
    {
      "ts": 1772273476,
      "duration_ms": 2778,
      "status": "ok",
      "buys": 0,
      "sells": 0,
      "trades": 0,
      "fees": 0.0,
      "positions": 0,
      "equity": 19913.161321827396,
      "cash": 19913.161321827396,
      "note": ""
    },
    {
      "ts": 1772273153,
      "duration_ms": 3723,
      "status": "ok",
      "buys": 0,
      "sells": 0,
      "trades": 0,
      "fees": 0.0,
      "positions": 0,
      "equity": 19913.161321827396,
      "cash": 19913.161321827396,
      "note": ""
    },
    {
      "ts": 1772272846,
      "duration_ms": 3108,
      "status": "ok",
      "buys": 0,
      "sells": 0,
      "trades": 0,
      "fees": 0.0,
      "positions": 0,
      "equity": 19913.161321827396,
      "cash": 19913.161321827396,
      "note": ""
    },
    {
      "ts": 1772272522,
      "duration_ms": 3303,
      "status": "ok",
      "buys": 0,
      "sells": 0,
      "trades": 0,
      "fees": 0.0,
      "positions": 0,
      "equity": 19913.161321827396,
      "cash": 19913.161321827396,
      "note": ""
    },
    {
      "ts": 1772272212,
      "duration_ms": 6394,
      "status": "ok",
      "buys": 0,
      "sells": 0,
      "trades": 0,
      "fees": 0.0,
      "positions": 0,
      "equity": 19913.161321827396,
      "cash": 19913.161321827396,
      "note": ""
    },
    {
      "ts": 1772271893,
      "duration_ms": 3733,
      "status": "ok",
      "buys": 0,
      "sells": 0,
      "trades": 0,
      "fees": 0.0,
      "positions": 0,
      "equity": 19913.161321827396,
      "cash": 19913.161321827396,
      "note": ""
    },
    {
      "ts": 1772271586,
      "duration_ms": 3260,
      "status": "ok",
      "buys": 0,
      "sells": 0,
      "trades": 0,
      "fees": 0.0,
      "positions": 0,
      "equity": 19913.161321827396,
      "cash": 19913.161321827396,
      "note": ""
    },
    {
      "ts": 1772271262,
      "duration_ms": 3438,
      "status": "ok",
      "buys": 0,
      "sells": 0,
      "trades": 0,
      "fees": 0.0,
      "positions": 0,
      "equity": 19913.161321827396,
      "cash": 19913.161321827396,
      "note": ""
    },
    {
      "ts": 1772270956,
      "duration_ms": 3680,
      "status": "ok",
      "buys": 0,
      "sells": 0,
      "trades": 0,
      "fees": 0.0,
      "positions": 0,
      "equity": 19913.161321827396,
      "cash": 19913.161321827396,
      "note": ""
    },
    {
      "ts": 1772270640,
      "duration_ms": 2916,
      "status": "ok",
      "buys": 0,
      "sells": 0,
      "trades": 0,
      "fees": 0.0,
      "positions": 0,
      "equity": 19913.161321827396,
      "cash": 19913.161321827396,
      "note": ""
    },
    {
      "ts": 1772270340,
      "duration_ms": 2897,
      "status": "ok",
      "buys": 0,
      "sells": 0,
      "trades": 0,
      "fees": 0.0,
      "positions": 0,
      "equity": 19913.161321827396,
      "cash": 19913.161321827396,
      "note": ""
    },
    {
      "ts": 1772270033,
      "duration_ms": 3217,
      "status": "ok",
      "buys": 0,
      "sells": 0,
      "trades": 0,
      "fees": 0.0,
      "positions": 0,
      "equity": 19913.161321827396,
      "cash": 19913.161321827396,
      "note": ""
    },
    {
      "ts": 1772269733,
      "duration_ms": 3674,
      "status": "ok",
      "buys": 0,
      "sells": 0,
      "trades": 0,
      "fees": 0.0,
      "positions": 0,
      "equity": 19913.161321827396,
      "cash": 19913.161321827396,
      "note": ""
    },
    {
      "ts": 1772269422,
      "duration_ms": 3101,
      "status": "ok",
      "buys": 0,
      "sells": 0,
      "trades": 0,
      "fees": 0.0,
      "positions": 0,
      "equity": 19913.161321827396,
      "cash": 19913.161321827396,
      "note": ""
    },
    {
      "ts": 1772269109,
      "duration_ms": 3174,
      "status": "ok",
      "buys": 0,
      "sells": 0,
      "trades": 0,
      "fees": 0.0,
      "positions": 0,
      "equity": 19913.161321827396,
      "cash": 19913.161321827396,
      "note": ""
    },
    {
      "ts": 1772268793,
      "duration_ms": 3333,
      "status": "ok",
      "buys": 0,
      "sells": 0,
      "trades": 0,
      "fees": 0.0,
      "positions": 0,
      "equity": 19913.161321827396,
      "cash": 19913.161321827396,
      "note": ""
    },
    {
      "ts": 1772268473,
      "duration_ms": 3711,
      "status": "ok",
      "buys": 0,
      "sells": 0,
      "trades": 0,
      "fees": 0.0,
      "positions": 0,
      "equity": 19913.161321827396,
      "cash": 19913.161321827396,
      "note": ""
    },
    {
      "ts": 1772268163,
      "duration_ms": 3708,
      "status": "ok",
      "buys": 0,
      "sells": 0,
      "trades": 0,
      "fees": 0.0,
      "positions": 0,
      "equity": 19913.161321827396,
      "cash": 19913.161321827396,
      "note": ""
    },
    {
      "ts": 1772267849,
      "duration_ms": 4030,
      "status": "ok",
      "buys": 0,
      "sells": 0,
      "trades": 0,
      "fees": 0.0,
      "positions": 0,
      "equity": 19913.161321827396,
      "cash": 19913.161321827396,
      "note": ""
    },
    {
      "ts": 1772267529,
      "duration_ms": 4364,
      "status": "ok",
      "buys": 0,
      "sells": 0,
      "trades": 0,
      "fees": 0.0,
      "positions": 0,
      "equity": 19913.161321827396,
      "cash": 19913.161321827396,
      "note": ""
    },
    {
      "ts": 1772267213,
      "duration_ms": 3238,
      "status": "ok",
      "buys": 0,
      "sells": 0,
      "trades": 0,
      "fees": 0.0,
      "positions": 0,
      "equity": 19913.161321827396,
      "cash": 19913.161321827396,
      "note": ""
    },
    {
      "ts": 1772266903,
      "duration_ms": 3319,
      "status": "ok",
      "buys": 0,
      "sells": 0,
      "trades": 0,
      "fees": 0.0,
      "positions": 0,
      "equity": 19913.161321827396,
      "cash": 19913.161321827396,
      "note": ""
    },
    {
      "ts": 1772266582,
      "duration_ms": 3405,
      "status": "ok",
      "buys": 0,
      "sells": 0,
      "trades": 0,
      "fees": 0.0,
      "positions": 0,
      "equity": 19913.161321827396,
      "cash": 19913.161321827396,
      "note": ""
    },
    {
      "ts": 1772266272,
      "duration_ms": 2995,
      "status": "ok",
      "buys": 0,
      "sells": 0,
      "trades": 0,
      "fees": 0.0,
      "positions": 0,
      "equity": 19913.161321827396,
      "cash": 19913.161321827396,
      "note": ""
    },
    {
      "ts": 1772265958,
      "duration_ms": 3929,
      "status": "ok",
      "buys": 0,
      "sells": 0,
      "trades": 0,
      "fees": 0.0,
      "positions": 0,
      "equity": 19913.161321827396,
      "cash": 19913.161321827396,
      "note": ""
    },
    {
      "ts": 1772265660,
      "duration_ms": 6760,
      "status": "ok",
      "buys": 0,
      "sells": 0,
      "trades": 0,
      "fees": 0.0,
      "positions": 0,
      "equity": 19913.161321827396,
      "cash": 19913.161321827396,
      "note": ""
    },
    {
      "ts": 1772265352,
      "duration_ms": 3392,
      "status": "ok",
      "buys": 0,
      "sells": 0,
      "trades": 0,
      "fees": 0.0,
      "positions": 0,
      "equity": 19913.161321827396,
      "cash": 19913.161321827396,
      "note": ""
    },
    {
      "ts": 1772265042,
      "duration_ms": 3059,
      "status": "ok",
      "buys": 0,
      "sells": 0,
      "trades": 0,
      "fees": 0.0,
      "positions": 0,
      "equity": 19913.161321827396,
      "cash": 19913.161321827396,
      "note": ""
    },
    {
      "ts": 1772264742,
      "duration_ms": 3390,
      "status": "ok",
      "buys": 0,
      "sells": 0,
      "trades": 0,
      "fees": 0.0,
      "positions": 0,
      "equity": 19913.161321827396,
      "cash": 19913.161321827396,
      "note": ""
    },
    {
      "ts": 1772264427,
      "duration_ms": 3704,
      "status": "ok",
      "buys": 0,
      "sells": 0,
      "trades": 0,
      "fees": 0.0,
      "positions": 0,
      "equity": 19913.161321827396,
      "cash": 19913.161321827396,
      "note": ""
    },
    {
      "ts": 1772264111,
      "duration_ms": 3278,
      "status": "ok",
      "buys": 0,
      "sells": 0,
      "trades": 0,
      "fees": 0.0,
      "positions": 0,
      "equity": 19913.161321827396,
      "cash": 19913.161321827396,
      "note": ""
    },
    {
      "ts": 1772263796,
      "duration_ms": 3533,
      "status": "ok",
      "buys": 0,
      "sells": 0,
      "trades": 0,
      "fees": 0.0,
      "positions": 0,
      "equity": 19913.161321827396,
      "cash": 19913.161321827396,
      "note": ""
    },
    {
      "ts": 1772263497,
      "duration_ms": 4456,
      "status": "ok",
      "buys": 0,
      "sells": 0,
      "trades": 0,
      "fees": 0.0,
      "positions": 0,
      "equity": 19913.161321827396,
      "cash": 19913.161321827396,
      "note": ""
    },
    {
      "ts": 1772263193,
      "duration_ms": 3648,
      "status": "ok",
      "buys": 0,
      "sells": 0,
      "trades": 0,
      "fees": 0.0,
      "positions": 0,
      "equity": 19913.161321827396,
      "cash": 19913.161321827396,
      "note": ""
    },
    {
      "ts": 1772262892,
      "duration_ms": 3282,
      "status": "ok",
      "buys": 0,
      "sells": 0,
      "trades": 0,
      "fees": 0.0,
      "positions": 0,
      "equity": 19913.161321827396,
      "cash": 19913.161321827396,
      "note": ""
    },
    {
      "ts": 1772262581,
      "duration_ms": 3065,
      "status": "ok",
      "buys": 0,
      "sells": 0,
      "trades": 0,
      "fees": 0.0,
      "positions": 0,
      "equity": 19913.161321827396,
      "cash": 19913.161321827396,
      "note": ""
    },
    {
      "ts": 1772262264,
      "duration_ms": 3078,
      "status": "ok",
      "buys": 0,
      "sells": 0,
      "trades": 0,
      "fees": 0.0,
      "positions": 0,
      "equity": 19913.161321827396,
      "cash": 19913.161321827396,
      "note": ""
    },
    {
      "ts": 1772261950,
      "duration_ms": 3108,
      "status": "ok",
      "buys": 0,
      "sells": 0,
      "trades": 0,
      "fees": 0.0,
      "positions": 0,
      "equity": 19913.161321827396,
      "cash": 19913.161321827396,
      "note": ""
    },
    {
      "ts": 1772261632,
      "duration_ms": 3436,
      "status": "ok",
      "buys": 0,
      "sells": 0,
      "trades": 0,
      "fees": 0.0,
      "positions": 0,
      "equity": 19913.161321827396,
      "cash": 19913.161321827396,
      "note": ""
    },
    {
      "ts": 1772261319,
      "duration_ms": 2901,
      "status": "ok",
      "buys": 0,
      "sells": 0,
      "trades": 0,
      "fees": 0.0,
      "positions": 0,
      "equity": 19913.161321827396,
      "cash": 19913.161321827396,
      "note": ""
    },
    {
      "ts": 1772261005,
      "duration_ms": 3400,
      "status": "ok",
      "buys": 0,
      "sells": 0,
      "trades": 0,
      "fees": 0.0,
      "positions": 0,
      "equity": 19913.161321827396,
      "cash": 19913.161321827396,
      "note": ""
    },
    {
      "ts": 1772260689,
      "duration_ms": 3833,
      "status": "ok",
      "buys": 0,
      "sells": 0,
      "trades": 0,
      "fees": 0.0,
      "positions": 0,
      "equity": 19913.161321827396,
      "cash": 19913.161321827396,
      "note": ""
    },
    {
      "ts": 1772260372,
      "duration_ms": 3159,
      "status": "ok",
      "buys": 0,
      "sells": 0,
      "trades": 0,
      "fees": 0.0,
      "positions": 0,
      "equity": 19913.161321827396,
      "cash": 19913.161321827396,
      "note": ""
    },
    {
      "ts": 1772260059,
      "duration_ms": 3156,
      "status": "ok",
      "buys": 0,
      "sells": 0,
      "trades": 0,
      "fees": 0.0,
      "positions": 0,
      "equity": 19913.161321827396,
      "cash": 19913.161321827396,
      "note": ""
    },
    {
      "ts": 1772259732,
      "duration_ms": 3960,
      "status": "ok",
      "buys": 0,
      "sells": 0,
      "trades": 0,
      "fees": 0.0,
      "positions": 0,
      "equity": 19913.161321827396,
      "cash": 19913.161321827396,
      "note": ""
    },
    {
      "ts": 1772259429,
      "duration_ms": 3437,
      "status": "ok",
      "buys": 0,
      "sells": 0,
      "trades": 0,
      "fees": 0.0,
      "positions": 0,
      "equity": 19913.161321827396,
      "cash": 19913.161321827396,
      "note": ""
    },
    {
      "ts": 1772259112,
      "duration_ms": 3203,
      "status": "ok",
      "buys": 0,
      "sells": 0,
      "trades": 0,
      "fees": 0.0,
      "positions": 0,
      "equity": 19913.161321827396,
      "cash": 19913.161321827396,
      "note": ""
    },
    {
      "ts": 1772258799,
      "duration_ms": 3574,
      "status": "ok",
      "buys": 0,
      "sells": 0,
      "trades": 0,
      "fees": 0.0,
      "positions": 0,
      "equity": 19913.161321827396,
      "cash": 19913.161321827396,
      "note": ""
    },
    {
      "ts": 1772258483,
      "duration_ms": 3080,
      "status": "ok",
      "buys": 0,
      "sells": 0,
      "trades": 0,
      "fees": 0.0,
      "positions": 0,
      "equity": 19913.161321827396,
      "cash": 19913.161321827396,
      "note": ""
    },
    {
      "ts": 1772258169,
      "duration_ms": 3865,
      "status": "ok",
      "buys": 0,
      "sells": 0,
      "trades": 0,
      "fees": 0.0,
      "positions": 0,
      "equity": 19913.161321827396,
      "cash": 19913.161321827396,
      "note": ""
    },
    {
      "ts": 1772257852,
      "duration_ms": 3159,
      "status": "ok",
      "buys": 0,
      "sells": 0,
      "trades": 0,
      "fees": 0.0,
      "positions": 0,
      "equity": 19913.161321827396,
      "cash": 19913.161321827396,
      "note": ""
    },
    {
      "ts": 1772257538,
      "duration_ms": 3925,
      "status": "ok",
      "buys": 0,
      "sells": 0,
      "trades": 0,
      "fees": 0.0,
      "positions": 0,
      "equity": 19913.161321827396,
      "cash": 19913.161321827396,
      "note": ""
    },
    {
      "ts": 1772257222,
      "duration_ms": 3181,
      "status": "ok",
      "buys": 0,
      "sells": 0,
      "trades": 0,
      "fees": 0.0,
      "positions": 0,
      "equity": 19913.161321827396,
      "cash": 19913.161321827396,
      "note": ""
    },
    {
      "ts": 1772256920,
      "duration_ms": 3552,
      "status": "ok",
      "buys": 0,
      "sells": 0,
      "trades": 0,
      "fees": 0.0,
      "positions": 0,
      "equity": 19913.161321827396,
      "cash": 19913.161321827396,
      "note": ""
    },
    {
      "ts": 1772256610,
      "duration_ms": 3385,
      "status": "ok",
      "buys": 0,
      "sells": 0,
      "trades": 0,
      "fees": 0.0,
      "positions": 0,
      "equity": 19913.161321827396,
      "cash": 19913.161321827396,
      "note": ""
    },
    {
      "ts": 1772256310,
      "duration_ms": 4293,
      "status": "ok",
      "buys": 0,
      "sells": 0,
      "trades": 0,
      "fees": 0.0,
      "positions": 0,
      "equity": 19913.161321827396,
      "cash": 19913.161321827396,
      "note": ""
    },
    {
      "ts": 1772255993,
      "duration_ms": 3088,
      "status": "ok",
      "buys": 0,
      "sells": 0,
      "trades": 0,
      "fees": 0.0,
      "positions": 0,
      "equity": 19913.161321827396,
      "cash": 19913.161321827396,
      "note": ""
    },
    {
      "ts": 1772255692,
      "duration_ms": 3412,
      "status": "ok",
      "buys": 0,
      "sells": 0,
      "trades": 0,
      "fees": 0.0,
      "positions": 0,
      "equity": 19913.161321827396,
      "cash": 19913.161321827396,
      "note": ""
    },
    {
      "ts": 1772255366,
      "duration_ms": 4643,
      "status": "ok",
      "buys": 0,
      "sells": 0,
      "trades": 0,
      "fees": 0.0,
      "positions": 0,
      "equity": 19913.161321827396,
      "cash": 19913.161321827396,
      "note": ""
    },
    {
      "ts": 1772255049,
      "duration_ms": 3566,
      "status": "ok",
      "buys": 0,
      "sells": 0,
      "trades": 0,
      "fees": 0.0,
      "positions": 0,
      "equity": 19913.161321827396,
      "cash": 19913.161321827396,
      "note": ""
    },
    {
      "ts": 1772254733,
      "duration_ms": 2940,
      "status": "ok",
      "buys": 0,
      "sells": 0,
      "trades": 0,
      "fees": 0.0,
      "positions": 0,
      "equity": 19913.161321827396,
      "cash": 19913.161321827396,
      "note": ""
    },
    {
      "ts": 1772254431,
      "duration_ms": 3235,
      "status": "ok",
      "buys": 0,
      "sells": 0,
      "trades": 0,
      "fees": 0.0,
      "positions": 0,
      "equity": 19913.161321827396,
      "cash": 19913.161321827396,
      "note": ""
    },
    {
      "ts": 1772254115,
      "duration_ms": 3424,
      "status": "ok",
      "buys": 0,
      "sells": 0,
      "trades": 0,
      "fees": 0.0,
      "positions": 0,
      "equity": 19913.161321827396,
      "cash": 19913.161321827396,
      "note": ""
    },
    {
      "ts": 1772253800,
      "duration_ms": 3098,
      "status": "ok",
      "buys": 0,
      "sells": 0,
      "trades": 0,
      "fees": 0.0,
      "positions": 0,
      "equity": 19913.161321827396,
      "cash": 19913.161321827396,
      "note": ""
    }
  ]
}