{
  "as_of": "2026-03-01T05:45:55.923156+00:00",
  "prices": {
    "BTCUSDT": 67418.17,
    "ETHUSDT": 2015.56,
    "SOLUSDT": 87.58
  },
  "positions": [
    {
      "symbol": "BTCUSDT",
      "qty": 0.059903768996606675,
      "entry_price": 67746.63,
      "entry_time": 1772331626,
      "last_sell_time": 0
    },
    {
      "symbol": "ETHUSDT",
      "qty": 1.5939122969976642,
      "entry_price": 2036.38,
      "entry_time": 1772333788,
      "last_sell_time": 0
    },
    {
      "symbol": "SOLUSDT",
      "qty": 29.499997005266035,
      "entry_price": 88.0,
      "entry_time": 1772333789,
      "last_sell_time": 0
    }
  ],
  "trades": [
    {
      "id": 55,
      "symbol": "SOLUSDT",
      "side": "BUY",
      "qty": 29.499997005266035,
      "price": 88.0,
      "ts": 1772333789
    },
    {
      "id": 54,
      "symbol": "ETHUSDT",
      "side": "BUY",
      "qty": 1.5939122969976642,
      "price": 2036.38,
      "ts": 1772333788
    },
    {
      "id": 53,
      "symbol": "BTCUSDT",
      "side": "BUY",
      "qty": 0.059903768996606675,
      "price": 67746.63,
      "ts": 1772331626
    },
    {
      "id": 52,
      "symbol": "SOLUSDT",
      "side": "SELL",
      "qty": 30.524681304494642,
      "price": 86.96,
      "ts": 1772330048
    },
    {
      "id": 51,
      "symbol": "ETHUSDT",
      "side": "SELL",
      "qty": 1.4382258432404893,
      "price": 2009.24,
      "ts": 1772330047
    },
    {
      "id": 50,
      "symbol": "BTCUSDT",
      "side": "SELL",
      "qty": 0.05272632918885342,
      "price": 66153.75,
      "ts": 1772327841
    },
    {
      "id": 49,
      "symbol": "ETHUSDT",
      "side": "BUY",
      "qty": 1.4382258432404893,
      "price": 1959.19,
      "ts": 1772321922
    },
    {
      "id": 48,
      "symbol": "BTCUSDT",
      "side": "BUY",
      "qty": 0.05272632918885342,
      "price": 66818.19,
      "ts": 1772321921
    },
    {
      "id": 47,
      "symbol": "ETHUSDT",
      "side": "SELL",
      "qty": 1.6490856755171626,
      "price": 1976.78,
      "ts": 1772318161
    },
    {
      "id": 46,
      "symbol": "BTCUSDT",
      "side": "SELL",
      "qty": 0.06042539405016403,
      "price": 67477.93,
      "ts": 1772318160
    },
    {
      "id": 45,
      "symbol": "SOLUSDT",
      "side": "BUY",
      "qty": 30.524681304494642,
      "price": 84.26,
      "ts": 1772314132
    },
    {
      "id": 44,
      "symbol": "ETHUSDT",
      "side": "BUY",
      "qty": 1.6490856755171626,
      "price": 1950.06,
      "ts": 1772314131
    },
    {
      "id": 43,
      "symbol": "BTCUSDT",
      "side": "BUY",
      "qty": 0.06042539405016403,
      "price": 66541.15,
      "ts": 1772313818
    },
    {
      "id": 42,
      "symbol": "SOLUSDT",
      "side": "SELL",
      "qty": 48.48199442654716,
      "price": 83.54,
      "ts": 1772310412
    },
    {
      "id": 41,
      "symbol": "ETHUSDT",
      "side": "SELL",
      "qty": 1.6453615319291854,
      "price": 1964.61,
      "ts": 1772310411
    },
    {
      "id": 40,
      "symbol": "BTCUSDT",
      "side": "SELL",
      "qty": 0.03857513246325081,
      "price": 66933.76,
      "ts": 1772310101
    },
    {
      "id": 39,
      "symbol": "BTCUSDT",
      "side": "BUY",
      "qty": 0.03857513246325081,
      "price": 66439.47,
      "ts": 1772308549
    },
    {
      "id": 38,
      "symbol": "ETHUSDT",
      "side": "BUY",
      "qty": 1.6453615319291854,
      "price": 1947.56,
      "ts": 1772307941
    },
    {
      "id": 37,
      "symbol": "SOLUSDT",
      "side": "BUY",
      "qty": 48.48199442654716,
      "price": 82.64,
      "ts": 1772307622
    },
    {
      "id": 36,
      "symbol": "BTCUSDT",
      "side": "SELL",
      "qty": 0.049365976502508464,
      "price": 65865.95,
      "ts": 1772304830
    },
    {
      "id": 35,
      "symbol": "SOLUSDT",
      "side": "SELL",
      "qty": 49.024854550296425,
      "price": 82.26,
      "ts": 1772303889
    },
    {
      "id": 34,
      "symbol": "ETHUSDT",
      "side": "SELL",
      "qty": 1.3415615440760762,
      "price": 1927.86,
      "ts": 1772303888
    },
    {
      "id": 33,
      "symbol": "ETHUSDT",
      "side": "BUY",
      "qty": 1.3415615440760762,
      "price": 1896.02,
      "ts": 1772293281
    },
    {
      "id": 32,
      "symbol": "BTCUSDT",
      "side": "BUY",
      "qty": 0.049365976502508464,
      "price": 64423.51,
      "ts": 1772290512
    },
    {
      "id": 31,
      "symbol": "SOLUSDT",
      "side": "BUY",
      "qty": 49.024854550296425,
      "price": 81.11,
      "ts": 1772289904
    },
    {
      "id": 30,
      "symbol": "ETHUSDT",
      "side": "SELL",
      "qty": 2.094259535751295,
      "price": 1908.27,
      "ts": 1772289591
    },
    {
      "id": 29,
      "symbol": "ETHUSDT",
      "side": "BUY",
      "qty": 2.094259535751295,
      "price": 1897.28,
      "ts": 1772287388
    },
    {
      "id": 28,
      "symbol": "BTCUSDT",
      "side": "SELL",
      "qty": 0.061968075374024524,
      "price": 64777.2,
      "ts": 1772286757
    },
    {
      "id": 27,
      "symbol": "SOLUSDT",
      "side": "SELL",
      "qty": 40.04445699950953,
      "price": 78.78,
      "ts": 1772285829
    },
    {
      "id": 26,
      "symbol": "SOLUSDT",
      "side": "BUY",
      "qty": 40.04445699950953,
      "price": 79.34,
      "ts": 1772284598
    },
    {
      "id": 25,
      "symbol": "BTCUSDT",
      "side": "BUY",
      "qty": 0.061968075374024524,
      "price": 64104.01,
      "ts": 1772284596
    },
    {
      "id": 24,
      "symbol": "ETHUSDT",
      "side": "SELL",
      "qty": 2.1264636821969445,
      "price": 1865.37,
      "ts": 1772283008
    },
    {
      "id": 23,
      "symbol": "ETHUSDT",
      "side": "BUY",
      "qty": 2.1264636821969445,
      "price": 1869.69,
      "ts": 1772281761
    },
    {
      "id": 22,
      "symbol": "SOLUSDT",
      "side": "SELL",
      "qty": 50.15909652853248,
      "price": 78.88,
      "ts": 1772280546
    },
    {
      "id": 21,
      "symbol": "SOLUSDT",
      "side": "BUY",
      "qty": 50.15909652853248,
      "price": 79.4,
      "ts": 1772278429
    },
    {
      "id": 20,
      "symbol": "BTCUSDT",
      "side": "SELL",
      "qty": 0.050880650606436054,
      "price": 65753.32,
      "ts": 1772251900
    },
    {
      "id": 19,
      "symbol": "SOLUSDT",
      "side": "SELL",
      "qty": 38.905972091027614,
      "price": 81.75,
      "ts": 1772250952
    },
    {
      "id": 18,
      "symbol": "BTCUSDT",
      "side": "BUY",
      "qty": 0.050880650606436054,
      "price": 65825.13,
      "ts": 1772250950
    },
    {
      "id": 17,
      "symbol": "ETHUSDT",
      "side": "SELL",
      "qty": 2.0659699754657836,
      "price": 1923.23,
      "ts": 1772250004
    },
    {
      "id": 16,
      "symbol": "BTCUSDT",
      "side": "SELL",
      "qty": 0.038743510343579465,
      "price": 65988.68,
      "ts": 1772247134
    },
    {
      "id": 15,
      "symbol": "BTCUSDT",
      "side": "BUY",
      "qty": 0.038743510343579465,
      "price": 65947.38,
      "ts": 1772240365
    },
    {
      "id": 14,
      "symbol": "SOLUSDT",
      "side": "BUY",
      "qty": 38.905972091027614,
      "price": 82.09,
      "ts": 1772239432
    },
    {
      "id": 13,
      "symbol": "ETHUSDT",
      "side": "BUY",
      "qty": 2.0659699754657836,
      "price": 1932.38,
      "ts": 1772237860
    },
    {
      "id": 12,
      "symbol": "BTCUSDT",
      "side": "SELL",
      "qty": 0.06058880752538608,
      "price": 65861.91,
      "ts": 1772236610
    },
    {
      "id": 11,
      "symbol": "BTCUSDT",
      "side": "BUY",
      "qty": 0.06058880752538608,
      "price": 65897.9,
      "ts": 1772236300
    },
    {
      "id": 10,
      "symbol": "SOLUSDT",
      "side": "SELL",
      "qty": 48.706604282176535,
      "price": 81.91,
      "ts": 1772235700
    },
    {
      "id": 9,
      "symbol": "SOLUSDT",
      "side": "BUY",
      "qty": 48.706604282176535,
      "price": 81.99,
      "ts": 1772235372
    },
    {
      "id": 8,
      "symbol": "ETHUSDT",
      "side": "SELL",
      "qty": 2.073507138374704,
      "price": 1923.63,
      "ts": 1772234151
    },
    {
      "id": 7,
      "symbol": "ETHUSDT",
      "side": "BUY",
      "qty": 2.073507138374704,
      "price": 1926.52,
      "ts": 1772233851
    },
    {
      "id": 6,
      "symbol": "BTCUSDT",
      "side": "SELL",
      "qty": 0.04879743301103645,
      "price": 65308.51,
      "ts": 1772231962
    },
    {
      "id": 5,
      "symbol": "ETHUSDT",
      "side": "SELL",
      "qty": 1.7411267613998993,
      "price": 1921.06,
      "ts": 1772229755
    },
    {
      "id": 4,
      "symbol": "ETHUSDT",
      "side": "BUY",
      "qty": 1.7411267613998993,
      "price": 1930.01,
      "ts": 1772227208
    },
    {
      "id": 3,
      "symbol": "SOLUSDT",
      "side": "SELL",
      "qty": 49.00759617740749,
      "price": 81.66,
      "ts": 1772226892
    },
    {
      "id": 2,
      "symbol": "BTCUSDT",
      "side": "BUY",
      "qty": 0.04879743301103645,
      "price": 65577.22,
      "ts": 1772226891
    },
    {
      "id": 1,
      "symbol": "SOLUSDT",
      "side": "BUY",
      "qty": 49.00759617740749,
      "price": 81.62,
      "ts": 1772226290
    }
  ],
  "equity": [
    {
      "ts": 1772222708,
      "equity": 20000.0,
      "cash": 20000.0
    },
    {
      "ts": 1772222867,
      "equity": 20000.0,
      "cash": 20000.0
    },
    {
      "ts": 1772223173,
      "equity": 20000.0,
      "cash": 20000.0
    },
    {
      "ts": 1772223480,
      "equity": 20000.0,
      "cash": 20000.0
    },
    {
      "ts": 1772223795,
      "equity": 20000.0,
      "cash": 20000.0
    },
    {
      "ts": 1772224110,
      "equity": 20000.0,
      "cash": 20000.0
    },
    {
      "ts": 1772224426,
      "equity": 20000.0,
      "cash": 20000.0
    },
    {
      "ts": 1772224740,
      "equity": 20000.0,
      "cash": 20000.0
    },
    {
      "ts": 1772225038,
      "equity": 20000.0,
      "cash": 20000.0
    },
    {
      "ts": 1772225341,
      "equity": 20000.0,
      "cash": 20000.0
    },
    {
      "ts": 1772225650,
      "equity": 20000.0,
      "cash": 20000.0
    },
    {
      "ts": 1772225973,
      "equity": 20000.0,
      "cash": 20000.0
    },
    {
      "ts": 1772226290,
      "equity": 20000.0,
      "cash": 16000.0
    },
    {
      "ts": 1772226592,
      "equity": 20004.90075961774,
      "cash": 16000.0
    },
    {
      "ts": 1772226892,
      "equity": 20001.960303847096,
      "cash": 16801.960303847096
    },
    {
      "ts": 1772227209,
      "equity": 20007.254825328793,
      "cash": 13441.568243077676
    },
    {
      "ts": 1772227532,
      "equity": 20013.591490676386,
      "cash": 13441.568243077676
    },
    {
      "ts": 1772227852,
      "equity": 20007.950808608544,
      "cash": 13441.568243077676
    },
    {
      "ts": 1772228170,
      "equity": 19997.015822208734,
      "cash": 13441.568243077676
    },
    {
      "ts": 1772228495,
      "equity": 19997.732344883127,
      "cash": 13441.568243077676
    },
    {
      "ts": 1772228811,
      "equity": 19996.34374629742,
      "cash": 13441.568243077676
    },
    {
      "ts": 1772229112,
      "equity": 19993.10189297573,
      "cash": 13441.568243077676
    },
    {
      "ts": 1772229441,
      "equity": 19977.88833384747,
      "cash": 13441.568243077676
    },
    {
      "ts": 1772229756,
      "equity": 19984.566834567857,
      "cash": 16786.377219332568
    },
    {
      "ts": 1772230071,
      "equity": 19981.017309290633,
      "cash": 16786.377219332568
    },
    {
      "ts": 1772230372,
      "equity": 19983.975409679762,
      "cash": 16786.377219332568
    },
    {
      "ts": 1772230689,
      "equity": 19987.43905147489,
      "cash": 16786.377219332568
    },
    {
      "ts": 1772230992,
      "equity": 19980.20336810801,
      "cash": 16786.377219332568
    },
    {
      "ts": 1772231332,
      "equity": 19980.02184165721,
      "cash": 16786.377219332568
    },
    {
      "ts": 1772231632,
      "equity": 19978.74042106634,
      "cash": 16786.377219332568
    },
    {
      "ts": 1772231964,
      "equity": 19973.26486110817,
      "cash": 19973.26486110817
    },
    {
      "ts": 1772232273,
      "equity": 19973.26486110817,
      "cash": 19973.26486110817
    },
    {
      "ts": 1772232592,
      "equity": 19973.26486110817,
      "cash": 19973.26486110817
    },
    {
      "ts": 1772232903,
      "equity": 19973.26486110817,
      "cash": 19973.26486110817
    },
    {
      "ts": 1772233210,
      "equity": 19973.26486110817,
      "cash": 19973.26486110817
    },
    {
      "ts": 1772233532,
      "equity": 19973.26486110817,
      "cash": 19973.26486110817
    },
    {
      "ts": 1772233852,
      "equity": 19973.26486110817,
      "cash": 15978.611888886537
    },
    {
      "ts": 1772234153,
      "equity": 19967.27242547827,
      "cash": 19967.27242547827
    },
    {
      "ts": 1772234462,
      "equity": 19967.27242547827,
      "cash": 19967.27242547827
    },
    {
      "ts": 1772234769,
      "equity": 19967.27242547827,
      "cash": 19967.27242547827
    },
    {
      "ts": 1772235070,
      "equity": 19967.27242547827,
      "cash": 19967.27242547827
    },
    {
      "ts": 1772235372,
      "equity": 19967.27242547827,
      "cash": 15973.817940382616
    },
    {
      "ts": 1772235700,
      "equity": 19963.375897135695,
      "cash": 19963.375897135695
    },
    {
      "ts": 1772236002,
      "equity": 19963.375897135695,
      "cash": 19963.375897135695
    },
    {
      "ts": 1772236302,
      "equity": 19963.375897135695,
      "cash": 15970.700717708556
    },
    {
      "ts": 1772236612,
      "equity": 19961.195305952857,
      "cash": 19961.195305952857
    },
    {
      "ts": 1772236915,
      "equity": 19961.195305952857,
      "cash": 19961.195305952857
    },
    {
      "ts": 1772237231,
      "equity": 19961.195305952857,
      "cash": 19961.195305952857
    },
    {
      "ts": 1772237545,
      "equity": 19961.195305952857,
      "cash": 19961.195305952857
    },
    {
      "ts": 1772237861,
      "equity": 19961.195305952857,
      "cash": 15968.956244762285
    },
    {
      "ts": 1772238172,
      "equity": 19953.571876743386,
      "cash": 15968.956244762285
    },
    {
      "ts": 1772238472,
      "equity": 19945.886468434655,
      "cash": 15968.956244762285
    },
    {
      "ts": 1772238807,
      "equity": 19952.78680815271,
      "cash": 15968.956244762285
    },
    {
      "ts": 1772239108,
      "equity": 19952.12569776056,
      "cash": 15968.956244762285
    },
    {
      "ts": 1772239432,
      "equity": 19962.37290883887,
      "cash": 12775.164995809828
    },
    {
      "ts": 1772239753,
      "equity": 19959.81129381611,
      "cash": 12775.164995809828
    },
    {
      "ts": 1772240067,
      "equity": 19959.398099821017,
      "cash": 12775.164995809828
    },
    {
      "ts": 1772240368,
      "equity": 19960.695998584317,
      "cash": 10220.131996647862
    },
    {
      "ts": 1772240672,
      "equity": 19975.991838482412,
      "cash": 10220.131996647862
    },
    {
      "ts": 1772240973,
      "equity": 19952.219880898665,
      "cash": 10220.131996647862
    },
    {
      "ts": 1772241282,
      "equity": 19954.73210348846,
      "cash": 10220.131996647862
    },
    {
      "ts": 1772241592,
      "equity": 19961.907657766737,
      "cash": 10220.131996647862
    },
    {
      "ts": 1772241908,
      "equity": 19966.94435151555,
      "cash": 10220.131996647862
    },
    {
      "ts": 1772242210,
      "equity": 19939.59767652661,
      "cash": 10220.131996647862
    },
    {
      "ts": 1772242512,
      "equity": 19931.612010749082,
      "cash": 10220.131996647862
    },
    {
      "ts": 1772242813,
      "equity": 19943.086243961865,
      "cash": 10220.131996647862
    },
    {
      "ts": 1772243130,
      "equity": 19925.180975627685,
      "cash": 10220.131996647862
    },
    {
      "ts": 1772243430,
      "equity": 19944.101087079933,
      "cash": 10220.131996647862
    },
    {
      "ts": 1772243752,
      "equity": 19938.442560130246,
      "cash": 10220.131996647862
    },
    {
      "ts": 1772244075,
      "equity": 19928.882658757306,
      "cash": 10220.131996647862
    },
    {
      "ts": 1772244391,
      "equity": 19932.90405015616,
      "cash": 10220.131996647862
    },
    {
      "ts": 1772244702,
      "equity": 19944.28158517276,
      "cash": 10220.131996647862
    },
    {
      "ts": 1772245012,
      "equity": 19943.868326249736,
      "cash": 10220.131996647862
    },
    {
      "ts": 1772245313,
      "equity": 19957.43155359326,
      "cash": 10220.131996647862
    },
    {
      "ts": 1772245614,
      "equity": 19953.548990996904,
      "cash": 10220.131996647862
    },
    {
      "ts": 1772245921,
      "equity": 19957.35757269886,
      "cash": 10220.131996647862
    },
    {
      "ts": 1772246221,
      "equity": 19956.34456354781,
      "cash": 10220.131996647862
    },
    {
      "ts": 1772246529,
      "equity": 19956.150835478806,
      "cash": 10220.131996647862
    },
    {
      "ts": 1772246833,
      "equity": 19957.93580227467,
      "cash": 10220.131996647862
    },
    {
      "ts": 1772247136,
      "equity": 19963.476995275134,
      "cash": 12776.765102787018
    },
    {
      "ts": 1772247452,
      "equity": 19961.393840174343,
      "cash": 12776.765102787018
    },
    {
      "ts": 1772247651,
      "equity": 19958.656523830257,
      "cash": 12776.765102787018
    },
    {
      "ts": 1772247708,
      "equity": 19955.6954253633,
      "cash": 12776.765102787018
    },
    {
      "ts": 1772247814,
      "equity": 19951.787455282058,
      "cash": 12776.765102787018
    },
    {
      "ts": 1772248127,
      "equity": 19949.508126907003,
      "cash": 12776.765102787018
    },
    {
      "ts": 1772248433,
      "equity": 19953.863848980807,
      "cash": 12776.765102787018
    },
    {
      "ts": 1772248758,
      "equity": 19956.614875875788,
      "cash": 12776.765102787018
    },
    {
      "ts": 1772249073,
      "equity": 19957.78205503852,
      "cash": 12776.765102787018
    },
    {
      "ts": 1772249388,
      "equity": 19948.612998415512,
      "cash": 12776.765102787018
    },
    {
      "ts": 1772249692,
      "equity": 19938.345503131073,
      "cash": 12776.765102787018
    },
    {
      "ts": 1772250007,
      "equity": 19922.799824498565,
      "cash": 16746.12720326616
    },
    {
      "ts": 1772250333,
      "equity": 19922.799824498565,
      "cash": 16746.12720326616
    },
    {
      "ts": 1772250642,
      "equity": 19925.91230226585,
      "cash": 16746.12720326616
    },
    {
      "ts": 1772250952,
      "equity": 19920.160633048577,
      "cash": 16570.935192395344
    },
    {
      "ts": 1772251272,
      "equity": 19918.74716857473,
      "cash": 16570.935192395344
    },
    {
      "ts": 1772251593,
      "equity": 19917.433430176072,
      "cash": 16570.935192395344
    },
    {
      "ts": 1772251902,
      "equity": 19913.161321827396,
      "cash": 19913.161321827396
    },
    {
      "ts": 1772252212,
      "equity": 19913.161321827396,
      "cash": 19913.161321827396
    },
    {
      "ts": 1772252529,
      "equity": 19913.161321827396,
      "cash": 19913.161321827396
    },
    {
      "ts": 1772252854,
      "equity": 19913.161321827396,
      "cash": 19913.161321827396
    },
    {
      "ts": 1772253171,
      "equity": 19913.161321827396,
      "cash": 19913.161321827396
    },
    {
      "ts": 1772253472,
      "equity": 19913.161321827396,
      "cash": 19913.161321827396
    },
    {
      "ts": 1772253800,
      "equity": 19913.161321827396,
      "cash": 19913.161321827396
    },
    {
      "ts": 1772254115,
      "equity": 19913.161321827396,
      "cash": 19913.161321827396
    },
    {
      "ts": 1772254431,
      "equity": 19913.161321827396,
      "cash": 19913.161321827396
    },
    {
      "ts": 1772254733,
      "equity": 19913.161321827396,
      "cash": 19913.161321827396
    },
    {
      "ts": 1772255049,
      "equity": 19913.161321827396,
      "cash": 19913.161321827396
    },
    {
      "ts": 1772255366,
      "equity": 19913.161321827396,
      "cash": 19913.161321827396
    },
    {
      "ts": 1772255692,
      "equity": 19913.161321827396,
      "cash": 19913.161321827396
    },
    {
      "ts": 1772255993,
      "equity": 19913.161321827396,
      "cash": 19913.161321827396
    },
    {
      "ts": 1772256310,
      "equity": 19913.161321827396,
      "cash": 19913.161321827396
    },
    {
      "ts": 1772256610,
      "equity": 19913.161321827396,
      "cash": 19913.161321827396
    },
    {
      "ts": 1772256920,
      "equity": 19913.161321827396,
      "cash": 19913.161321827396
    },
    {
      "ts": 1772257222,
      "equity": 19913.161321827396,
      "cash": 19913.161321827396
    },
    {
      "ts": 1772257538,
      "equity": 19913.161321827396,
      "cash": 19913.161321827396
    },
    {
      "ts": 1772257852,
      "equity": 19913.161321827396,
      "cash": 19913.161321827396
    },
    {
      "ts": 1772258169,
      "equity": 19913.161321827396,
      "cash": 19913.161321827396
    },
    {
      "ts": 1772258483,
      "equity": 19913.161321827396,
      "cash": 19913.161321827396
    },
    {
      "ts": 1772258799,
      "equity": 19913.161321827396,
      "cash": 19913.161321827396
    },
    {
      "ts": 1772259112,
      "equity": 19913.161321827396,
      "cash": 19913.161321827396
    },
    {
      "ts": 1772259429,
      "equity": 19913.161321827396,
      "cash": 19913.161321827396
    },
    {
      "ts": 1772259732,
      "equity": 19913.161321827396,
      "cash": 19913.161321827396
    },
    {
      "ts": 1772260059,
      "equity": 19913.161321827396,
      "cash": 19913.161321827396
    },
    {
      "ts": 1772260372,
      "equity": 19913.161321827396,
      "cash": 19913.161321827396
    },
    {
      "ts": 1772260689,
      "equity": 19913.161321827396,
      "cash": 19913.161321827396
    },
    {
      "ts": 1772261005,
      "equity": 19913.161321827396,
      "cash": 19913.161321827396
    },
    {
      "ts": 1772261319,
      "equity": 19913.161321827396,
      "cash": 19913.161321827396
    },
    {
      "ts": 1772261632,
      "equity": 19913.161321827396,
      "cash": 19913.161321827396
    },
    {
      "ts": 1772261950,
      "equity": 19913.161321827396,
      "cash": 19913.161321827396
    },
    {
      "ts": 1772262264,
      "equity": 19913.161321827396,
      "cash": 19913.161321827396
    },
    {
      "ts": 1772262581,
      "equity": 19913.161321827396,
      "cash": 19913.161321827396
    },
    {
      "ts": 1772262892,
      "equity": 19913.161321827396,
      "cash": 19913.161321827396
    },
    {
      "ts": 1772263193,
      "equity": 19913.161321827396,
      "cash": 19913.161321827396
    },
    {
      "ts": 1772263497,
      "equity": 19913.161321827396,
      "cash": 19913.161321827396
    },
    {
      "ts": 1772263796,
      "equity": 19913.161321827396,
      "cash": 19913.161321827396
    },
    {
      "ts": 1772264111,
      "equity": 19913.161321827396,
      "cash": 19913.161321827396
    },
    {
      "ts": 1772264427,
      "equity": 19913.161321827396,
      "cash": 19913.161321827396
    },
    {
      "ts": 1772264742,
      "equity": 19913.161321827396,
      "cash": 19913.161321827396
    },
    {
      "ts": 1772265042,
      "equity": 19913.161321827396,
      "cash": 19913.161321827396
    },
    {
      "ts": 1772265352,
      "equity": 19913.161321827396,
      "cash": 19913.161321827396
    },
    {
      "ts": 1772265660,
      "equity": 19913.161321827396,
      "cash": 19913.161321827396
    },
    {
      "ts": 1772265957,
      "equity": 19913.161321827396,
      "cash": 19913.161321827396
    },
    {
      "ts": 1772266272,
      "equity": 19913.161321827396,
      "cash": 19913.161321827396
    },
    {
      "ts": 1772266582,
      "equity": 19913.161321827396,
      "cash": 19913.161321827396
    },
    {
      "ts": 1772266903,
      "equity": 19913.161321827396,
      "cash": 19913.161321827396
    },
    {
      "ts": 1772267213,
      "equity": 19913.161321827396,
      "cash": 19913.161321827396
    },
    {
      "ts": 1772267529,
      "equity": 19913.161321827396,
      "cash": 19913.161321827396
    },
    {
      "ts": 1772267849,
      "equity": 19913.161321827396,
      "cash": 19913.161321827396
    },
    {
      "ts": 1772268163,
      "equity": 19913.161321827396,
      "cash": 19913.161321827396
    },
    {
      "ts": 1772268473,
      "equity": 19913.161321827396,
      "cash": 19913.161321827396
    },
    {
      "ts": 1772268793,
      "equity": 19913.161321827396,
      "cash": 19913.161321827396
    },
    {
      "ts": 1772269109,
      "equity": 19913.161321827396,
      "cash": 19913.161321827396
    },
    {
      "ts": 1772269422,
      "equity": 19913.161321827396,
      "cash": 19913.161321827396
    },
    {
      "ts": 1772269733,
      "equity": 19913.161321827396,
      "cash": 19913.161321827396
    },
    {
      "ts": 1772270032,
      "equity": 19913.161321827396,
      "cash": 19913.161321827396
    },
    {
      "ts": 1772270340,
      "equity": 19913.161321827396,
      "cash": 19913.161321827396
    },
    {
      "ts": 1772270639,
      "equity": 19913.161321827396,
      "cash": 19913.161321827396
    },
    {
      "ts": 1772270956,
      "equity": 19913.161321827396,
      "cash": 19913.161321827396
    },
    {
      "ts": 1772271262,
      "equity": 19913.161321827396,
      "cash": 19913.161321827396
    },
    {
      "ts": 1772271586,
      "equity": 19913.161321827396,
      "cash": 19913.161321827396
    },
    {
      "ts": 1772271893,
      "equity": 19913.161321827396,
      "cash": 19913.161321827396
    },
    {
      "ts": 1772272212,
      "equity": 19913.161321827396,
      "cash": 19913.161321827396
    },
    {
      "ts": 1772272522,
      "equity": 19913.161321827396,
      "cash": 19913.161321827396
    },
    {
      "ts": 1772272845,
      "equity": 19913.161321827396,
      "cash": 19913.161321827396
    },
    {
      "ts": 1772273153,
      "equity": 19913.161321827396,
      "cash": 19913.161321827396
    },
    {
      "ts": 1772273476,
      "equity": 19913.161321827396,
      "cash": 19913.161321827396
    },
    {
      "ts": 1772273792,
      "equity": 19913.161321827396,
      "cash": 19913.161321827396
    },
    {
      "ts": 1772274106,
      "equity": 19913.161321827396,
      "cash": 19913.161321827396
    },
    {
      "ts": 1772274412,
      "equity": 19913.161321827396,
      "cash": 19913.161321827396
    },
    {
      "ts": 1772274728,
      "equity": 19913.161321827396,
      "cash": 19913.161321827396
    },
    {
      "ts": 1772275052,
      "equity": 19913.161321827396,
      "cash": 19913.161321827396
    },
    {
      "ts": 1772275353,
      "equity": 19913.161321827396,
      "cash": 19913.161321827396
    },
    {
      "ts": 1772275672,
      "equity": 19913.161321827396,
      "cash": 19913.161321827396
    },
    {
      "ts": 1772275972,
      "equity": 19913.161321827396,
      "cash": 19913.161321827396
    },
    {
      "ts": 1772276283,
      "equity": 19913.161321827396,
      "cash": 19913.161321827396
    },
    {
      "ts": 1772276583,
      "equity": 19913.161321827396,
      "cash": 19913.161321827396
    },
    {
      "ts": 1772276888,
      "equity": 19913.161321827396,
      "cash": 19913.161321827396
    },
    {
      "ts": 1772277192,
      "equity": 19913.161321827396,
      "cash": 19913.161321827396
    },
    {
      "ts": 1772277499,
      "equity": 19913.161321827396,
      "cash": 19913.161321827396
    },
    {
      "ts": 1772277799,
      "equity": 19913.161321827396,
      "cash": 19913.161321827396
    },
    {
      "ts": 1772278102,
      "equity": 19913.161321827396,
      "cash": 19913.161321827396
    },
    {
      "ts": 1772278429,
      "equity": 19909.178689563032,
      "cash": 15926.546425197552
    },
    {
      "ts": 1772278731,
      "equity": 19894.13096060447,
      "cash": 15926.546425197552
    },
    {
      "ts": 1772279029,
      "equity": 19888.111869021046,
      "cash": 15926.546425197552
    },
    {
      "ts": 1772279330,
      "equity": 19889.11505095162,
      "cash": 15926.546425197552
    },
    {
      "ts": 1772279632,
      "equity": 19892.626187708614,
      "cash": 15926.546425197552
    },
    {
      "ts": 1772279942,
      "equity": 19876.0736858542,
      "cash": 15926.546425197552
    },
    {
      "ts": 1772280246,
      "equity": 19878.08004971534,
      "cash": 15926.546425197552
    },
    {
      "ts": 1772280546,
      "equity": 19879.139409834024,
      "cash": 19879.139409834024
    },
    {
      "ts": 1772280847,
      "equity": 19879.139409834024,
      "cash": 19879.139409834024
    },
    {
      "ts": 1772281152,
      "equity": 19879.139409834024,
      "cash": 19879.139409834024
    },
    {
      "ts": 1772281462,
      "equity": 19879.139409834024,
      "cash": 19879.139409834024
    },
    {
      "ts": 1772281763,
      "equity": 19875.16358195206,
      "cash": 15899.335699985253
    },
    {
      "ts": 1772282062,
      "equity": 19873.845174469097,
      "cash": 15899.335699985253
    },
    {
      "ts": 1772282391,
      "equity": 19873.696322011343,
      "cash": 15899.335699985253
    },
    {
      "ts": 1772282693,
      "equity": 19874.546907484222,
      "cash": 15899.335699985253
    },
    {
      "ts": 1772283009,
      "equity": 19862.01061728611,
      "cash": 19862.01061728611
    },
    {
      "ts": 1772283337,
      "equity": 19862.01061728611,
      "cash": 19862.01061728611
    },
    {
      "ts": 1772283652,
      "equity": 19862.01061728611,
      "cash": 19862.01061728611
    },
    {
      "ts": 1772283969,
      "equity": 19862.01061728611,
      "cash": 19862.01061728611
    },
    {
      "ts": 1772284286,
      "equity": 19862.01061728611,
      "cash": 19862.01061728611
    },
    {
      "ts": 1772284598,
      "equity": 19854.86108794431,
      "cash": 12705.331746146003
    },
    {
      "ts": 1772284912,
      "equity": 19836.995843880733,
      "cash": 12705.331746146003
    },
    {
      "ts": 1772285229,
      "equity": 19836.680130436278,
      "cash": 12705.331746146003
    },
    {
      "ts": 1772285530,
      "equity": 19839.8044643282,
      "cash": 12705.331746146003
    },
    {
      "ts": 1772285829,
      "equity": 19820.97714792129,
      "cash": 15856.879366244943
    },
    {
      "ts": 1772286129,
      "equity": 19820.341355467954,
      "cash": 15856.879366244943
    },
    {
      "ts": 1772286442,
      "equity": 19834.868531377888,
      "cash": 15856.879366244943
    },
    {
      "ts": 1772286759,
      "equity": 19866.983659951085,
      "cash": 19866.983659951085
    },
    {
      "ts": 1772287072,
      "equity": 19866.983659951085,
      "cash": 19866.983659951085
    },
    {
      "ts": 1772287389,
      "equity": 19863.010263219097,
      "cash": 15889.613531228879
    },
    {
      "ts": 1772287704,
      "equity": 19864.245876345187,
      "cash": 15889.613531228879
    },
    {
      "ts": 1772288019,
      "equity": 19865.062637564133,
      "cash": 15889.613531228879
    },
    {
      "ts": 1772288332,
      "equity": 19862.696124288734,
      "cash": 15889.613531228879
    },
    {
      "ts": 1772288649,
      "equity": 19861.334855590496,
      "cash": 15889.613531228879
    },
    {
      "ts": 1772288969,
      "equity": 19870.654310524587,
      "cash": 15889.613531228879
    },
    {
      "ts": 1772289280,
      "equity": 19866.549561834516,
      "cash": 15889.613531228879
    },
    {
      "ts": 1772289592,
      "equity": 19882.029762872713,
      "cash": 19882.029762872713
    },
    {
      "ts": 1772289904,
      "equity": 19878.05335692014,
      "cash": 15901.647404345596
    },
    {
      "ts": 1772290210,
      "equity": 19862.365403464046,
      "cash": 15901.647404345596
    },
    {
      "ts": 1772290514,
      "equity": 19835.162895253532,
      "cash": 12718.137593995609
    },
    {
      "ts": 1772290829,
      "equity": 19839.123078287394,
      "cash": 12718.137593995609
    },
    {
      "ts": 1772291144,
      "equity": 19847.95742530175,
      "cash": 12718.137593995609
    },
    {
      "ts": 1772291453,
      "equity": 19833.059904654525,
      "cash": 12718.137593995609
    },
    {
      "ts": 1772291758,
      "equity": 19814.956967627928,
      "cash": 12718.137593995609
    },
    {
      "ts": 1772292072,
      "equity": 19824.590643872125,
      "cash": 12718.137593995609
    },
    {
      "ts": 1772292372,
      "equity": 19846.259823440094,
      "cash": 12718.137593995609
    },
    {
      "ts": 1772292673,
      "equity": 19866.84107095622,
      "cash": 12718.137593995609
    },
    {
      "ts": 1772292972,
      "equity": 19899.810433337447,
      "cash": 12718.137593995609
    },
    {
      "ts": 1772293282,
      "equity": 19877.297202751393,
      "cash": 10171.966447677689
    },
    {
      "ts": 1772293602,
      "equity": 19875.691893307652,
      "cash": 10171.966447677689
    },
    {
      "ts": 1772293912,
      "equity": 19873.20369923722,
      "cash": 10171.966447677689
    },
    {
      "ts": 1772294233,
      "equity": 19889.339805720032,
      "cash": 10171.966447677689
    },
    {
      "ts": 1772294548,
      "equity": 19872.90426872668,
      "cash": 10171.966447677689
    },
    {
      "ts": 1772294863,
      "equity": 19872.959608600642,
      "cash": 10171.966447677689
    },
    {
      "ts": 1772295172,
      "equity": 19887.988261175833,
      "cash": 10171.966447677689
    },
    {
      "ts": 1772295488,
      "equity": 19869.474931238652,
      "cash": 10171.966447677689
    },
    {
      "ts": 1772295809,
      "equity": 19891.20513252377,
      "cash": 10171.966447677689
    },
    {
      "ts": 1772296122,
      "equity": 19900.24815548772,
      "cash": 10171.966447677689
    },
    {
      "ts": 1772296433,
      "equity": 19897.536075696604,
      "cash": 10171.966447677689
    },
    {
      "ts": 1772296754,
      "equity": 19879.333948562773,
      "cash": 10171.966447677689
    },
    {
      "ts": 1772297070,
      "equity": 19929.67972542085,
      "cash": 10171.966447677689
    },
    {
      "ts": 1772297381,
      "equity": 19908.038242352108,
      "cash": 10171.966447677689
    },
    {
      "ts": 1772297692,
      "equity": 19908.241819825715,
      "cash": 10171.966447677689
    },
    {
      "ts": 1772298010,
      "equity": 19912.112417826393,
      "cash": 10171.966447677689
    },
    {
      "ts": 1772298312,
      "equity": 19906.22543392872,
      "cash": 10171.966447677689
    },
    {
      "ts": 1772298622,
      "equity": 19900.073533283547,
      "cash": 10171.966447677689
    },
    {
      "ts": 1772298936,
      "equity": 19904.2612120926,
      "cash": 10171.966447677689
    },
    {
      "ts": 1772299251,
      "equity": 19886.712987384675,
      "cash": 10171.966447677689
    },
    {
      "ts": 1772299552,
      "equity": 19914.293188103526,
      "cash": 10171.966447677689
    },
    {
      "ts": 1772299862,
      "equity": 19919.763722945485,
      "cash": 10171.966447677689
    },
    {
      "ts": 1772300169,
      "equity": 19905.505644272813,
      "cash": 10171.966447677689
    },
    {
      "ts": 1772300491,
      "equity": 19894.627189904535,
      "cash": 10171.966447677689
    },
    {
      "ts": 1772300807,
      "equity": 19877.595483814,
      "cash": 10171.966447677689
    },
    {
      "ts": 1772301112,
      "equity": 19918.41713065714,
      "cash": 10171.966447677689
    },
    {
      "ts": 1772301413,
      "equity": 19914.369231902092,
      "cash": 10171.966447677689
    },
    {
      "ts": 1772301730,
      "equity": 19937.077802618976,
      "cash": 10171.966447677689
    },
    {
      "ts": 1772302032,
      "equity": 19949.470286099033,
      "cash": 10171.966447677689
    },
    {
      "ts": 1772302338,
      "equity": 19936.15424961588,
      "cash": 10171.966447677689
    },
    {
      "ts": 1772302652,
      "equity": 19930.786782088362,
      "cash": 10171.966447677689
    },
    {
      "ts": 1772302968,
      "equity": 19922.985073066702,
      "cash": 10171.966447677689
    },
    {
      "ts": 1772303272,
      "equity": 19928.799242079745,
      "cash": 10171.966447677689
    },
    {
      "ts": 1772303574,
      "equity": 19966.121924227118,
      "cash": 10171.966447677689
    },
    {
      "ts": 1772303889,
      "equity": 20029.095954341064,
      "cash": 16784.474693973905
    },
    {
      "ts": 1772304205,
      "equity": 20024.886023864932,
      "cash": 16784.474693973905
    },
    {
      "ts": 1772304521,
      "equity": 20028.59834529792,
      "cash": 16784.474693973905
    },
    {
      "ts": 1772304832,
      "equity": 20032.760097049286,
      "cash": 20032.760097049286
    },
    {
      "ts": 1772305150,
      "equity": 20032.760097049286,
      "cash": 20032.760097049286
    },
    {
      "ts": 1772305465,
      "equity": 20032.760097049286,
      "cash": 20032.760097049286
    },
    {
      "ts": 1772305781,
      "equity": 20032.760097049286,
      "cash": 20032.760097049286
    },
    {
      "ts": 1772306081,
      "equity": 20032.760097049286,
      "cash": 20032.760097049286
    },
    {
      "ts": 1772306390,
      "equity": 20032.760097049286,
      "cash": 20032.760097049286
    },
    {
      "ts": 1772306692,
      "equity": 20032.760097049286,
      "cash": 20032.760097049286
    },
    {
      "ts": 1772306992,
      "equity": 20032.760097049286,
      "cash": 20032.760097049286
    },
    {
      "ts": 1772307311,
      "equity": 20032.760097049286,
      "cash": 20032.760097049286
    },
    {
      "ts": 1772307622,
      "equity": 20028.753545029875,
      "cash": 16022.20152562002
    },
    {
      "ts": 1772307942,
      "equity": 20010.034866508257,
      "cash": 12814.556780190891
    },
    {
      "ts": 1772308242,
      "equity": 20022.497719597824,
      "cash": 12814.556780190891
    },
    {
      "ts": 1772308551,
      "equity": 20005.909985112194,
      "cash": 10249.082512796675
    },
    {
      "ts": 1772308851,
      "equity": 19984.930479071532,
      "cash": 10249.082512796675
    },
    {
      "ts": 1772309152,
      "equity": 19985.866449036977,
      "cash": 10249.082512796675
    },
    {
      "ts": 1772309472,
      "equity": 20022.266794469415,
      "cash": 10249.082512796675
    },
    {
      "ts": 1772309788,
      "equity": 20046.742051852867,
      "cash": 10249.082512796675
    },
    {
      "ts": 1772310103,
      "equity": 20085.794389322782,
      "cash": 12828.47919240185
    },
    {
      "ts": 1772310412,
      "equity": 20103.87604650536,
      "cash": 20103.87604650536
    },
    {
      "ts": 1772310712,
      "equity": 20103.87604650536,
      "cash": 20103.87604650536
    },
    {
      "ts": 1772311022,
      "equity": 20103.87604650536,
      "cash": 20103.87604650536
    },
    {
      "ts": 1772311328,
      "equity": 20103.87604650536,
      "cash": 20103.87604650536
    },
    {
      "ts": 1772311633,
      "equity": 20103.87604650536,
      "cash": 20103.87604650536
    },
    {
      "ts": 1772311942,
      "equity": 20103.87604650536,
      "cash": 20103.87604650536
    },
    {
      "ts": 1772312242,
      "equity": 20103.87604650536,
      "cash": 20103.87604650536
    },
    {
      "ts": 1772312559,
      "equity": 20103.87604650536,
      "cash": 20103.87604650536
    },
    {
      "ts": 1772312872,
      "equity": 20103.87604650536,
      "cash": 20103.87604650536
    },
    {
      "ts": 1772313189,
      "equity": 20103.87604650536,
      "cash": 20103.87604650536
    },
    {
      "ts": 1772313503,
      "equity": 20103.87604650536,
      "cash": 20103.87604650536
    },
    {
      "ts": 1772313819,
      "equity": 20099.85527129606,
      "cash": 16079.080061994988
    },
    {
      "ts": 1772314132,
      "equity": 20090.189948100742,
      "cash": 10285.466577220155
    },
    {
      "ts": 1772314449,
      "equity": 20092.359462186017,
      "cash": 10285.466577220155
    },
    {
      "ts": 1772314764,
      "equity": 20129.0182122471,
      "cash": 10285.466577220155
    },
    {
      "ts": 1772315080,
      "equity": 20137.870278059258,
      "cash": 10285.466577220155
    },
    {
      "ts": 1772315391,
      "equity": 20131.685713134742,
      "cash": 10285.466577220155
    },
    {
      "ts": 1772315707,
      "equity": 20109.851919638637,
      "cash": 10285.466577220155
    },
    {
      "ts": 1772316009,
      "equity": 20131.179808095396,
      "cash": 10285.466577220155
    },
    {
      "ts": 1772316317,
      "equity": 20152.005213572324,
      "cash": 10285.466577220155
    },
    {
      "ts": 1772316632,
      "equity": 20144.204733288854,
      "cash": 10285.466577220155
    },
    {
      "ts": 1772316947,
      "equity": 20146.985042901066,
      "cash": 10285.466577220155
    },
    {
      "ts": 1772317253,
      "equity": 20158.847151883398,
      "cash": 10285.466577220155
    },
    {
      "ts": 1772317558,
      "equity": 20158.3128889878,
      "cash": 10285.466577220155
    },
    {
      "ts": 1772317856,
      "equity": 20153.755134152063,
      "cash": 10285.466577220155
    },
    {
      "ts": 1772318162,
      "equity": 20217.31324311189,
      "cash": 17615.38940871677
    },
    {
      "ts": 1772318478,
      "equity": 20207.545345094455,
      "cash": 17615.38940871677
    },
    {
      "ts": 1772318792,
      "equity": 20206.01911102923,
      "cash": 17615.38940871677
    },
    {
      "ts": 1772319108,
      "equity": 20198.69318751615,
      "cash": 17615.38940871677
    },
    {
      "ts": 1772319413,
      "equity": 20194.114485320475,
      "cash": 17615.38940871677
    },
    {
      "ts": 1772319717,
      "equity": 20193.80923850743,
      "cash": 17615.38940871677
    },
    {
      "ts": 1772320033,
      "equity": 20201.440408833554,
      "cash": 17615.38940871677
    },
    {
      "ts": 1772320347,
      "equity": 20194.724978946564,
      "cash": 17615.38940871677
    },
    {
      "ts": 1772320662,
      "equity": 20189.5357831248,
      "cash": 17615.38940871677
    },
    {
      "ts": 1772320972,
      "equity": 20190.451523563937,
      "cash": 17615.38940871677
    },
    {
      "ts": 1772321289,
      "equity": 20185.872821368263,
      "cash": 17615.38940871677
    },
    {
      "ts": 1772321608,
      "equity": 20188.314795872622,
      "cash": 17615.38940871677
    },
    {
      "ts": 1772321924,
      "equity": 20174.648036787985,
      "cash": 11268.21300158352
    },
    {
      "ts": 1772322232,
      "equity": 20185.035248787866,
      "cash": 11268.21300158352
    },
    {
      "ts": 1772322554,
      "equity": 20205.587106057093,
      "cash": 11268.21300158352
    },
    {
      "ts": 1772322869,
      "equity": 20205.024540451133,
      "cash": 11268.21300158352
    },
    {
      "ts": 1772323185,
      "equity": 20200.88121731858,
      "cash": 11268.21300158352
    },
    {
      "ts": 1772323492,
      "equity": 20219.597288344725,
      "cash": 11268.21300158352
    },
    {
      "ts": 1772323809,
      "equity": 20192.610038116614,
      "cash": 11268.21300158352
    },
    {
      "ts": 1772324130,
      "equity": 20204.25868877329,
      "cash": 11268.21300158352
    },
    {
      "ts": 1772324442,
      "equity": 20199.96504370155,
      "cash": 11268.21300158352
    },
    {
      "ts": 1772324752,
      "equity": 20194.061847053483,
      "cash": 11268.21300158352
    },
    {
      "ts": 1772325071,
      "equity": 20190.329046552997,
      "cash": 11268.21300158352
    },
    {
      "ts": 1772325390,
      "equity": 20188.501671787402,
      "cash": 11268.21300158352
    },
    {
      "ts": 1772325702,
      "equity": 20172.168354276713,
      "cash": 11268.21300158352
    },
    {
      "ts": 1772326012,
      "equity": 20186.12024232731,
      "cash": 11268.21300158352
    },
    {
      "ts": 1772326313,
      "equity": 20187.462041947583,
      "cash": 11268.21300158352
    },
    {
      "ts": 1772326627,
      "equity": 20207.660273565896,
      "cash": 11268.21300158352
    },
    {
      "ts": 1772326928,
      "equity": 20193.935864213745,
      "cash": 11268.21300158352
    },
    {
      "ts": 1772327236,
      "equity": 20190.928524573203,
      "cash": 11268.21300158352
    },
    {
      "ts": 1772327542,
      "equity": 20139.362934745444,
      "cash": 11268.21300158352
    },
    {
      "ts": 1772327843,
      "equity": 20128.901017544427,
      "cash": 14752.769356761055
    },
    {
      "ts": 1772328161,
      "equity": 20143.045636269042,
      "cash": 14752.769356761055
    },
    {
      "ts": 1772328472,
      "equity": 20150.492846664696,
      "cash": 14752.769356761055
    },
    {
      "ts": 1772328791,
      "equity": 20153.922262943535,
      "cash": 14752.769356761055
    },
    {
      "ts": 1772329102,
      "equity": 20190.732656070304,
      "cash": 14752.769356761055
    },
    {
      "ts": 1772329422,
      "equity": 20182.459218172076,
      "cash": 14752.769356761055
    },
    {
      "ts": 1772329733,
      "equity": 20224.477703522767,
      "cash": 14752.769356761055
    },
    {
      "ts": 1772330048,
      "equity": 20291.39236909292,
      "cash": 20291.39236909292
    },
    {
      "ts": 1772330369,
      "equity": 20291.39236909292,
      "cash": 20291.39236909292
    },
    {
      "ts": 1772330683,
      "equity": 20291.39236909292,
      "cash": 20291.39236909292
    },
    {
      "ts": 1772330994,
      "equity": 20291.39236909292,
      "cash": 20291.39236909292
    },
    {
      "ts": 1772331312,
      "equity": 20291.39236909292,
      "cash": 20291.39236909292
    },
    {
      "ts": 1772331628,
      "equity": 20287.3340906191,
      "cash": 16229.055616800517
    },
    {
      "ts": 1772331943,
      "equity": 20283.82492783128,
      "cash": 16229.055616800517
    },
    {
      "ts": 1772332252,
      "equity": 20290.31430312668,
      "cash": 16229.055616800517
    },
    {
      "ts": 1772332559,
      "equity": 20297.348802719953,
      "cash": 16229.055616800517
    },
    {
      "ts": 1772332864,
      "equity": 20292.493003205087,
      "cash": 16229.055616800517
    },
    {
      "ts": 1772333169,
      "equity": 20309.663220512586,
      "cash": 16229.055616800517
    },
    {
      "ts": 1772333474,
      "equity": 20290.644971931542,
      "cash": 16229.055616800517
    },
    {
      "ts": 1772333789,
      "equity": 20280.869879599406,
      "cash": 10381.402946117181
    },
    {
      "ts": 1772334104,
      "equity": 20273.123637807697,
      "cash": 10381.402946117181
    },
    {
      "ts": 1772334412,
      "equity": 20278.42378262875,
      "cash": 10381.402946117181
    },
    {
      "ts": 1772334729,
      "equity": 20283.447622100794,
      "cash": 10381.402946117181
    },
    {
      "ts": 1772335032,
      "equity": 20277.725227942912,
      "cash": 10381.402946117181
    },
    {
      "ts": 1772335346,
      "equity": 20250.12069374312,
      "cash": 10381.402946117181
    },
    {
      "ts": 1772335656,
      "equity": 20266.935894585185,
      "cash": 10381.402946117181
    },
    {
      "ts": 1772335971,
      "equity": 20253.856091110152,
      "cash": 10381.402946117181
    },
    {
      "ts": 1772336273,
      "equity": 20271.835901164424,
      "cash": 10381.402946117181
    },
    {
      "ts": 1772336572,
      "equity": 20268.362463261263,
      "cash": 10381.402946117181
    },
    {
      "ts": 1772336873,
      "equity": 20258.50725750876,
      "cash": 10381.402946117181
    },
    {
      "ts": 1772337187,
      "equity": 20266.684624029258,
      "cash": 10381.402946117181
    },
    {
      "ts": 1772337488,
      "equity": 20241.720826021163,
      "cash": 10381.402946117181
    },
    {
      "ts": 1772337802,
      "equity": 20260.69968228324,
      "cash": 10381.402946117181
    },
    {
      "ts": 1772338118,
      "equity": 20226.50267154908,
      "cash": 10381.402946117181
    },
    {
      "ts": 1772338432,
      "equity": 20225.967852605438,
      "cash": 10381.402946117181
    },
    {
      "ts": 1772338749,
      "equity": 20162.74750112889,
      "cash": 10381.402946117181
    },
    {
      "ts": 1772339051,
      "equity": 20189.865068862604,
      "cash": 10381.402946117181
    },
    {
      "ts": 1772339349,
      "equity": 20208.82161859578,
      "cash": 10381.402946117181
    },
    {
      "ts": 1772339649,
      "equity": 20206.56637561961,
      "cash": 10381.402946117181
    },
    {
      "ts": 1772339969,
      "equity": 20218.824176393246,
      "cash": 10381.402946117181
    },
    {
      "ts": 1772340278,
      "equity": 20218.442396725084,
      "cash": 10381.402946117181
    },
    {
      "ts": 1772340593,
      "equity": 20215.438295779706,
      "cash": 10381.402946117181
    },
    {
      "ts": 1772340904,
      "equity": 20209.17218638975,
      "cash": 10381.402946117181
    },
    {
      "ts": 1772341209,
      "equity": 20215.343274858344,
      "cash": 10381.402946117181
    },
    {
      "ts": 1772341510,
      "equity": 20208.233760523453,
      "cash": 10381.402946117181
    },
    {
      "ts": 1772341811,
      "equity": 20227.395947975772,
      "cash": 10381.402946117181
    },
    {
      "ts": 1772342125,
      "equity": 20214.406368162603,
      "cash": 10381.402946117181
    },
    {
      "ts": 1772342440,
      "equity": 20233.672557805417,
      "cash": 10381.402946117181
    },
    {
      "ts": 1772342742,
      "equity": 20241.383990386865,
      "cash": 10381.402946117181
    },
    {
      "ts": 1772343052,
      "equity": 20235.69992598008,
      "cash": 10381.402946117181
    },
    {
      "ts": 1772343355,
      "equity": 20239.733962506285,
      "cash": 10381.402946117181
    },
    {
      "ts": 1772343655,
      "equity": 20225.313438043064,
      "cash": 10381.402946117181
    },
    {
      "ts": 1772343955,
      "equity": 20216.24103502895,
      "cash": 10381.402946117181
    }
  ],
  "metrics": [
    {
      "ts": 1772343955,
      "duration_ms": 3027,
      "status": "ok",
      "buys": 0,
      "sells": 0,
      "trades": 0,
      "fees": 0.0,
      "positions": 3,
      "equity": 20216.24103502895,
      "cash": 10381.402946117181,
      "note": ""
    },
    {
      "ts": 1772343655,
      "duration_ms": 3092,
      "status": "ok",
      "buys": 0,
      "sells": 0,
      "trades": 0,
      "fees": 0.0,
      "positions": 3,
      "equity": 20225.313438043064,
      "cash": 10381.402946117181,
      "note": ""
    },
    {
      "ts": 1772343355,
      "duration_ms": 3187,
      "status": "ok",
      "buys": 0,
      "sells": 0,
      "trades": 0,
      "fees": 0.0,
      "positions": 3,
      "equity": 20239.733962506285,
      "cash": 10381.402946117181,
      "note": ""
    },
    {
      "ts": 1772343052,
      "duration_ms": 3130,
      "status": "ok",
      "buys": 0,
      "sells": 0,
      "trades": 0,
      "fees": 0.0,
      "positions": 3,
      "equity": 20235.69992598008,
      "cash": 10381.402946117181,
      "note": ""
    },
    {
      "ts": 1772342742,
      "duration_ms": 3097,
      "status": "ok",
      "buys": 0,
      "sells": 0,
      "trades": 0,
      "fees": 0.0,
      "positions": 3,
      "equity": 20241.383990386865,
      "cash": 10381.402946117181,
      "note": ""
    },
    {
      "ts": 1772342440,
      "duration_ms": 3123,
      "status": "ok",
      "buys": 0,
      "sells": 0,
      "trades": 0,
      "fees": 0.0,
      "positions": 3,
      "equity": 20233.672557805417,
      "cash": 10381.402946117181,
      "note": ""
    },
    {
      "ts": 1772342125,
      "duration_ms": 3468,
      "status": "ok",
      "buys": 0,
      "sells": 0,
      "trades": 0,
      "fees": 0.0,
      "positions": 3,
      "equity": 20214.406368162603,
      "cash": 10381.402946117181,
      "note": ""
    },
    {
      "ts": 1772341811,
      "duration_ms": 3470,
      "status": "ok",
      "buys": 0,
      "sells": 0,
      "trades": 0,
      "fees": 0.0,
      "positions": 3,
      "equity": 20227.395947975772,
      "cash": 10381.402946117181,
      "note": ""
    },
    {
      "ts": 1772341510,
      "duration_ms": 3751,
      "status": "ok",
      "buys": 0,
      "sells": 0,
      "trades": 0,
      "fees": 0.0,
      "positions": 3,
      "equity": 20208.233760523453,
      "cash": 10381.402946117181,
      "note": ""
    },
    {
      "ts": 1772341209,
      "duration_ms": 3465,
      "status": "ok",
      "buys": 0,
      "sells": 0,
      "trades": 0,
      "fees": 0.0,
      "positions": 3,
      "equity": 20215.343274858344,
      "cash": 10381.402946117181,
      "note": ""
    },
    {
      "ts": 1772340904,
      "duration_ms": 4279,
      "status": "ok",
      "buys": 0,
      "sells": 0,
      "trades": 0,
      "fees": 0.0,
      "positions": 3,
      "equity": 20209.17218638975,
      "cash": 10381.402946117181,
      "note": ""
    },
    {
      "ts": 1772340593,
      "duration_ms": 3289,
      "status": "ok",
      "buys": 0,
      "sells": 0,
      "trades": 0,
      "fees": 0.0,
      "positions": 3,
      "equity": 20215.438295779706,
      "cash": 10381.402946117181,
      "note": ""
    },
    {
      "ts": 1772340278,
      "duration_ms": 2885,
      "status": "ok",
      "buys": 0,
      "sells": 0,
      "trades": 0,
      "fees": 0.0,
      "positions": 3,
      "equity": 20218.442396725084,
      "cash": 10381.402946117181,
      "note": ""
    },
    {
      "ts": 1772339969,
      "duration_ms": 5987,
      "status": "ok",
      "buys": 0,
      "sells": 0,
      "trades": 0,
      "fees": 0.0,
      "positions": 3,
      "equity": 20218.824176393246,
      "cash": 10381.402946117181,
      "note": ""
    },
    {
      "ts": 1772339649,
      "duration_ms": 3323,
      "status": "ok",
      "buys": 0,
      "sells": 0,
      "trades": 0,
      "fees": 0.0,
      "positions": 3,
      "equity": 20206.56637561961,
      "cash": 10381.402946117181,
      "note": ""
    },
    {
      "ts": 1772339349,
      "duration_ms": 3420,
      "status": "ok",
      "buys": 0,
      "sells": 0,
      "trades": 0,
      "fees": 0.0,
      "positions": 3,
      "equity": 20208.82161859578,
      "cash": 10381.402946117181,
      "note": ""
    },
    {
      "ts": 1772339051,
      "duration_ms": 5033,
      "status": "ok",
      "buys": 0,
      "sells": 0,
      "trades": 0,
      "fees": 0.0,
      "positions": 3,
      "equity": 20189.865068862604,
      "cash": 10381.402946117181,
      "note": ""
    },
    {
      "ts": 1772338749,
      "duration_ms": 3923,
      "status": "ok",
      "buys": 0,
      "sells": 0,
      "trades": 0,
      "fees": 0.0,
      "positions": 3,
      "equity": 20162.74750112889,
      "cash": 10381.402946117181,
      "note": ""
    },
    {
      "ts": 1772338432,
      "duration_ms": 3043,
      "status": "ok",
      "buys": 0,
      "sells": 0,
      "trades": 0,
      "fees": 0.0,
      "positions": 3,
      "equity": 20225.967852605438,
      "cash": 10381.402946117181,
      "note": ""
    },
    {
      "ts": 1772338118,
      "duration_ms": 3188,
      "status": "ok",
      "buys": 0,
      "sells": 0,
      "trades": 0,
      "fees": 0.0,
      "positions": 3,
      "equity": 20226.50267154908,
      "cash": 10381.402946117181,
      "note": ""
    },
    {
      "ts": 1772337802,
      "duration_ms": 3245,
      "status": "ok",
      "buys": 0,
      "sells": 0,
      "trades": 0,
      "fees": 0.0,
      "positions": 3,
      "equity": 20260.69968228324,
      "cash": 10381.402946117181,
      "note": ""
    },
    {
      "ts": 1772337488,
      "duration_ms": 3944,
      "status": "ok",
      "buys": 0,
      "sells": 0,
      "trades": 0,
      "fees": 0.0,
      "positions": 3,
      "equity": 20241.720826021163,
      "cash": 10381.402946117181,
      "note": ""
    },
    {
      "ts": 1772337187,
      "duration_ms": 2920,
      "status": "ok",
      "buys": 0,
      "sells": 0,
      "trades": 0,
      "fees": 0.0,
      "positions": 3,
      "equity": 20266.684624029258,
      "cash": 10381.402946117181,
      "note": ""
    },
    {
      "ts": 1772336873,
      "duration_ms": 3058,
      "status": "ok",
      "buys": 0,
      "sells": 0,
      "trades": 0,
      "fees": 0.0,
      "positions": 3,
      "equity": 20258.50725750876,
      "cash": 10381.402946117181,
      "note": ""
    },
    {
      "ts": 1772336572,
      "duration_ms": 2950,
      "status": "ok",
      "buys": 0,
      "sells": 0,
      "trades": 0,
      "fees": 0.0,
      "positions": 3,
      "equity": 20268.362463261263,
      "cash": 10381.402946117181,
      "note": ""
    },
    {
      "ts": 1772336273,
      "duration_ms": 3238,
      "status": "ok",
      "buys": 0,
      "sells": 0,
      "trades": 0,
      "fees": 0.0,
      "positions": 3,
      "equity": 20271.835901164424,
      "cash": 10381.402946117181,
      "note": ""
    },
    {
      "ts": 1772335971,
      "duration_ms": 3060,
      "status": "ok",
      "buys": 0,
      "sells": 0,
      "trades": 0,
      "fees": 0.0,
      "positions": 3,
      "equity": 20253.856091110152,
      "cash": 10381.402946117181,
      "note": ""
    },
    {
      "ts": 1772335656,
      "duration_ms": 3033,
      "status": "ok",
      "buys": 0,
      "sells": 0,
      "trades": 0,
      "fees": 0.0,
      "positions": 3,
      "equity": 20266.935894585185,
      "cash": 10381.402946117181,
      "note": ""
    },
    {
      "ts": 1772335346,
      "duration_ms": 5168,
      "status": "ok",
      "buys": 0,
      "sells": 0,
      "trades": 0,
      "fees": 0.0,
      "positions": 3,
      "equity": 20250.12069374312,
      "cash": 10381.402946117181,
      "note": ""
    },
    {
      "ts": 1772335032,
      "duration_ms": 3088,
      "status": "ok",
      "buys": 0,
      "sells": 0,
      "trades": 0,
      "fees": 0.0,
      "positions": 3,
      "equity": 20277.725227942912,
      "cash": 10381.402946117181,
      "note": ""
    },
    {
      "ts": 1772334729,
      "duration_ms": 3890,
      "status": "ok",
      "buys": 0,
      "sells": 0,
      "trades": 0,
      "fees": 0.0,
      "positions": 3,
      "equity": 20283.447622100794,
      "cash": 10381.402946117181,
      "note": ""
    },
    {
      "ts": 1772334412,
      "duration_ms": 2986,
      "status": "ok",
      "buys": 0,
      "sells": 0,
      "trades": 0,
      "fees": 0.0,
      "positions": 3,
      "equity": 20278.42378262875,
      "cash": 10381.402946117181,
      "note": ""
    },
    {
      "ts": 1772334104,
      "duration_ms": 3353,
      "status": "ok",
      "buys": 0,
      "sells": 0,
      "trades": 0,
      "fees": 0.0,
      "positions": 3,
      "equity": 20273.123637807697,
      "cash": 10381.402946117181,
      "note": ""
    },
    {
      "ts": 1772333789,
      "duration_ms": 3502,
      "status": "ok",
      "buys": 2,
      "sells": 0,
      "trades": 2,
      "fees": 5.841810859823514,
      "positions": 3,
      "equity": 20280.869879599406,
      "cash": 10381.402946117181,
      "note": ""
    },
    {
      "ts": 1772333474,
      "duration_ms": 3277,
      "status": "ok",
      "buys": 0,
      "sells": 0,
      "trades": 0,
      "fees": 0.0,
      "positions": 1,
      "equity": 20290.644971931542,
      "cash": 16229.055616800517,
      "note": ""
    },
    {
      "ts": 1772333169,
      "duration_ms": 3800,
      "status": "ok",
      "buys": 0,
      "sells": 0,
      "trades": 0,
      "fees": 0.0,
      "positions": 1,
      "equity": 20309.663220512586,
      "cash": 16229.055616800517,
      "note": ""
    },
    {
      "ts": 1772332864,
      "duration_ms": 3125,
      "status": "ok",
      "buys": 0,
      "sells": 0,
      "trades": 0,
      "fees": 0.0,
      "positions": 1,
      "equity": 20292.493003205087,
      "cash": 16229.055616800517,
      "note": ""
    },
    {
      "ts": 1772332559,
      "duration_ms": 4083,
      "status": "ok",
      "buys": 0,
      "sells": 0,
      "trades": 0,
      "fees": 0.0,
      "positions": 1,
      "equity": 20297.348802719953,
      "cash": 16229.055616800517,
      "note": ""
    },
    {
      "ts": 1772332252,
      "duration_ms": 2863,
      "status": "ok",
      "buys": 0,
      "sells": 0,
      "trades": 0,
      "fees": 0.0,
      "positions": 1,
      "equity": 20290.31430312668,
      "cash": 16229.055616800517,
      "note": ""
    },
    {
      "ts": 1772331943,
      "duration_ms": 3214,
      "status": "ok",
      "buys": 0,
      "sells": 0,
      "trades": 0,
      "fees": 0.0,
      "positions": 1,
      "equity": 20283.82492783128,
      "cash": 16229.055616800517,
      "note": ""
    },
    {
      "ts": 1772331628,
      "duration_ms": 3696,
      "status": "ok",
      "buys": 1,
      "sells": 0,
      "trades": 1,
      "fees": 4.058278473818584,
      "positions": 1,
      "equity": 20287.3340906191,
      "cash": 16229.055616800517,
      "note": ""
    },
    {
      "ts": 1772331312,
      "duration_ms": 2932,
      "status": "ok",
      "buys": 0,
      "sells": 0,
      "trades": 0,
      "fees": 0.0,
      "positions": 0,
      "equity": 20291.39236909292,
      "cash": 20291.39236909292,
      "note": ""
    },
    {
      "ts": 1772330994,
      "duration_ms": 4372,
      "status": "ok",
      "buys": 0,
      "sells": 0,
      "trades": 0,
      "fees": 0.0,
      "positions": 0,
      "equity": 20291.39236909292,
      "cash": 20291.39236909292,
      "note": ""
    },
    {
      "ts": 1772330683,
      "duration_ms": 3649,
      "status": "ok",
      "buys": 0,
      "sells": 0,
      "trades": 0,
      "fees": 0.0,
      "positions": 0,
      "equity": 20291.39236909292,
      "cash": 20291.39236909292,
      "note": ""
    },
    {
      "ts": 1772330369,
      "duration_ms": 3807,
      "status": "ok",
      "buys": 0,
      "sells": 0,
      "trades": 0,
      "fees": 0.0,
      "positions": 0,
      "equity": 20291.39236909292,
      "cash": 20291.39236909292,
      "note": ""
    },
    {
      "ts": 1772330048,
      "duration_ms": 3680,
      "status": "ok",
      "buys": 0,
      "sells": 2,
      "trades": 2,
      "fees": 5.5441671795113745,
      "positions": 0,
      "equity": 20291.39236909292,
      "cash": 20291.39236909292,
      "note": ""
    },
    {
      "ts": 1772329733,
      "duration_ms": 3000,
      "status": "ok",
      "buys": 0,
      "sells": 0,
      "trades": 0,
      "fees": 0.0,
      "positions": 2,
      "equity": 20224.477703522767,
      "cash": 14752.769356761055,
      "note": ""
    },
    {
      "ts": 1772329422,
      "duration_ms": 2845,
      "status": "ok",
      "buys": 0,
      "sells": 0,
      "trades": 0,
      "fees": 0.0,
      "positions": 2,
      "equity": 20182.459218172076,
      "cash": 14752.769356761055,
      "note": ""
    },
    {
      "ts": 1772329102,
      "duration_ms": 3223,
      "status": "ok",
      "buys": 0,
      "sells": 0,
      "trades": 0,
      "fees": 0.0,
      "positions": 2,
      "equity": 20190.732656070304,
      "cash": 14752.769356761055,
      "note": ""
    },
    {
      "ts": 1772328791,
      "duration_ms": 3316,
      "status": "ok",
      "buys": 0,
      "sells": 0,
      "trades": 0,
      "fees": 0.0,
      "positions": 2,
      "equity": 20153.922262943535,
      "cash": 14752.769356761055,
      "note": ""
    },
    {
      "ts": 1772328472,
      "duration_ms": 3024,
      "status": "ok",
      "buys": 0,
      "sells": 0,
      "trades": 0,
      "fees": 0.0,
      "positions": 2,
      "equity": 20150.492846664696,
      "cash": 14752.769356761055,
      "note": ""
    },
    {
      "ts": 1772328161,
      "duration_ms": 3144,
      "status": "ok",
      "buys": 0,
      "sells": 0,
      "trades": 0,
      "fees": 0.0,
      "positions": 2,
      "equity": 20143.045636269042,
      "cash": 14752.769356761055,
      "note": ""
    },
    {
      "ts": 1772327843,
      "duration_ms": 3266,
      "status": "ok",
      "buys": 0,
      "sells": 1,
      "trades": 1,
      "fees": 3.488044399577112,
      "positions": 2,
      "equity": 20128.901017544427,
      "cash": 14752.769356761055,
      "note": ""
    },
    {
      "ts": 1772327542,
      "duration_ms": 3046,
      "status": "ok",
      "buys": 0,
      "sells": 0,
      "trades": 0,
      "fees": 0.0,
      "positions": 3,
      "equity": 20139.362934745444,
      "cash": 11268.21300158352,
      "note": ""
    },
    {
      "ts": 1772327236,
      "duration_ms": 3332,
      "status": "ok",
      "buys": 0,
      "sells": 0,
      "trades": 0,
      "fees": 0.0,
      "positions": 3,
      "equity": 20190.928524573203,
      "cash": 11268.21300158352,
      "note": ""
    },
    {
      "ts": 1772326928,
      "duration_ms": 3791,
      "status": "ok",
      "buys": 0,
      "sells": 0,
      "trades": 0,
      "fees": 0.0,
      "positions": 3,
      "equity": 20193.935864213745,
      "cash": 11268.21300158352,
      "note": ""
    },
    {
      "ts": 1772326627,
      "duration_ms": 3179,
      "status": "ok",
      "buys": 0,
      "sells": 0,
      "trades": 0,
      "fees": 0.0,
      "positions": 3,
      "equity": 20207.660273565896,
      "cash": 11268.21300158352,
      "note": ""
    },
    {
      "ts": 1772326313,
      "duration_ms": 3050,
      "status": "ok",
      "buys": 0,
      "sells": 0,
      "trades": 0,
      "fees": 0.0,
      "positions": 3,
      "equity": 20187.462041947583,
      "cash": 11268.21300158352,
      "note": ""
    },
    {
      "ts": 1772326012,
      "duration_ms": 2840,
      "status": "ok",
      "buys": 0,
      "sells": 0,
      "trades": 0,
      "fees": 0.0,
      "positions": 3,
      "equity": 20186.12024232731,
      "cash": 11268.21300158352,
      "note": ""
    },
    {
      "ts": 1772325702,
      "duration_ms": 2922,
      "status": "ok",
      "buys": 0,
      "sells": 0,
      "trades": 0,
      "fees": 0.0,
      "positions": 3,
      "equity": 20172.168354276713,
      "cash": 11268.21300158352,
      "note": ""
    },
    {
      "ts": 1772325390,
      "duration_ms": 3284,
      "status": "ok",
      "buys": 0,
      "sells": 0,
      "trades": 0,
      "fees": 0.0,
      "positions": 3,
      "equity": 20188.501671787402,
      "cash": 11268.21300158352,
      "note": ""
    },
    {
      "ts": 1772325071,
      "duration_ms": 2653,
      "status": "ok",
      "buys": 0,
      "sells": 0,
      "trades": 0,
      "fees": 0.0,
      "positions": 3,
      "equity": 20190.329046552997,
      "cash": 11268.21300158352,
      "note": ""
    },
    {
      "ts": 1772324752,
      "duration_ms": 2723,
      "status": "ok",
      "buys": 0,
      "sells": 0,
      "trades": 0,
      "fees": 0.0,
      "positions": 3,
      "equity": 20194.061847053483,
      "cash": 11268.21300158352,
      "note": ""
    },
    {
      "ts": 1772324442,
      "duration_ms": 2877,
      "status": "ok",
      "buys": 0,
      "sells": 0,
      "trades": 0,
      "fees": 0.0,
      "positions": 3,
      "equity": 20199.96504370155,
      "cash": 11268.21300158352,
      "note": ""
    },
    {
      "ts": 1772324130,
      "duration_ms": 3888,
      "status": "ok",
      "buys": 0,
      "sells": 0,
      "trades": 0,
      "fees": 0.0,
      "positions": 3,
      "equity": 20204.25868877329,
      "cash": 11268.21300158352,
      "note": ""
    },
    {
      "ts": 1772323809,
      "duration_ms": 3840,
      "status": "ok",
      "buys": 0,
      "sells": 0,
      "trades": 0,
      "fees": 0.0,
      "positions": 3,
      "equity": 20192.610038116614,
      "cash": 11268.21300158352,
      "note": ""
    },
    {
      "ts": 1772323492,
      "duration_ms": 2864,
      "status": "ok",
      "buys": 0,
      "sells": 0,
      "trades": 0,
      "fees": 0.0,
      "positions": 3,
      "equity": 20219.597288344725,
      "cash": 11268.21300158352,
      "note": ""
    },
    {
      "ts": 1772323185,
      "duration_ms": 3544,
      "status": "ok",
      "buys": 0,
      "sells": 0,
      "trades": 0,
      "fees": 0.0,
      "positions": 3,
      "equity": 20200.88121731858,
      "cash": 11268.21300158352,
      "note": ""
    },
    {
      "ts": 1772322869,
      "duration_ms": 3676,
      "status": "ok",
      "buys": 0,
      "sells": 0,
      "trades": 0,
      "fees": 0.0,
      "positions": 3,
      "equity": 20205.024540451133,
      "cash": 11268.21300158352,
      "note": ""
    },
    {
      "ts": 1772322555,
      "duration_ms": 4323,
      "status": "ok",
      "buys": 0,
      "sells": 0,
      "trades": 0,
      "fees": 0.0,
      "positions": 3,
      "equity": 20205.587106057093,
      "cash": 11268.21300158352,
      "note": ""
    },
    {
      "ts": 1772322232,
      "duration_ms": 3094,
      "status": "ok",
      "buys": 0,
      "sells": 0,
      "trades": 0,
      "fees": 0.0,
      "positions": 3,
      "equity": 20185.035248787866,
      "cash": 11268.21300158352,
      "note": ""
    },
    {
      "ts": 1772321924,
      "duration_ms": 3489,
      "status": "ok",
      "buys": 2,
      "sells": 0,
      "trades": 2,
      "fees": 6.340835571561689,
      "positions": 3,
      "equity": 20174.648036787985,
      "cash": 11268.21300158352,
      "note": ""
    },
    {
      "ts": 1772321608,
      "duration_ms": 3737,
      "status": "ok",
      "buys": 0,
      "sells": 0,
      "trades": 0,
      "fees": 0.0,
      "positions": 1,
      "equity": 20188.314795872622,
      "cash": 17615.38940871677,
      "note": ""
    },
    {
      "ts": 1772321289,
      "duration_ms": 3949,
      "status": "ok",
      "buys": 0,
      "sells": 0,
      "trades": 0,
      "fees": 0.0,
      "positions": 1,
      "equity": 20185.872821368263,
      "cash": 17615.38940871677,
      "note": ""
    },
    {
      "ts": 1772320972,
      "duration_ms": 2841,
      "status": "ok",
      "buys": 0,
      "sells": 0,
      "trades": 0,
      "fees": 0.0,
      "positions": 1,
      "equity": 20190.451523563937,
      "cash": 17615.38940871677,
      "note": ""
    },
    {
      "ts": 1772320662,
      "duration_ms": 2918,
      "status": "ok",
      "buys": 0,
      "sells": 0,
      "trades": 0,
      "fees": 0.0,
      "positions": 1,
      "equity": 20189.5357831248,
      "cash": 17615.38940871677,
      "note": ""
    },
    {
      "ts": 1772320347,
      "duration_ms": 2914,
      "status": "ok",
      "buys": 0,
      "sells": 0,
      "trades": 0,
      "fees": 0.0,
      "positions": 1,
      "equity": 20194.724978946564,
      "cash": 17615.38940871677,
      "note": ""
    },
    {
      "ts": 1772320033,
      "duration_ms": 3213,
      "status": "ok",
      "buys": 0,
      "sells": 0,
      "trades": 0,
      "fees": 0.0,
      "positions": 1,
      "equity": 20201.440408833554,
      "cash": 17615.38940871677,
      "note": ""
    },
    {
      "ts": 1772319718,
      "duration_ms": 3568,
      "status": "ok",
      "buys": 0,
      "sells": 0,
      "trades": 0,
      "fees": 0.0,
      "positions": 1,
      "equity": 20193.80923850743,
      "cash": 17615.38940871677,
      "note": ""
    },
    {
      "ts": 1772319413,
      "duration_ms": 3130,
      "status": "ok",
      "buys": 0,
      "sells": 0,
      "trades": 0,
      "fees": 0.0,
      "positions": 1,
      "equity": 20194.114485320475,
      "cash": 17615.38940871677,
      "note": ""
    },
    {
      "ts": 1772319108,
      "duration_ms": 3518,
      "status": "ok",
      "buys": 0,
      "sells": 0,
      "trades": 0,
      "fees": 0.0,
      "positions": 1,
      "equity": 20198.69318751615,
      "cash": 17615.38940871677,
      "note": ""
    },
    {
      "ts": 1772318792,
      "duration_ms": 2972,
      "status": "ok",
      "buys": 0,
      "sells": 0,
      "trades": 0,
      "fees": 0.0,
      "positions": 1,
      "equity": 20206.01911102923,
      "cash": 17615.38940871677,
      "note": ""
    },
    {
      "ts": 1772318478,
      "duration_ms": 3127,
      "status": "ok",
      "buys": 0,
      "sells": 0,
      "trades": 0,
      "fees": 0.0,
      "positions": 1,
      "equity": 20207.545345094455,
      "cash": 17615.38940871677,
      "note": ""
    },
    {
      "ts": 1772318162,
      "duration_ms": 3337,
      "status": "ok",
      "buys": 0,
      "sells": 2,
      "trades": 2,
      "fees": 7.337260091588201,
      "positions": 1,
      "equity": 20217.31324311189,
      "cash": 17615.38940871677,
      "note": ""
    },
    {
      "ts": 1772317856,
      "duration_ms": 3350,
      "status": "ok",
      "buys": 0,
      "sells": 0,
      "trades": 0,
      "fees": 0.0,
      "positions": 3,
      "equity": 20153.755134152063,
      "cash": 10285.466577220155,
      "note": ""
    },
    {
      "ts": 1772317558,
      "duration_ms": 4395,
      "status": "ok",
      "buys": 0,
      "sells": 0,
      "trades": 0,
      "fees": 0.0,
      "positions": 3,
      "equity": 20158.3128889878,
      "cash": 10285.466577220155,
      "note": ""
    },
    {
      "ts": 1772317253,
      "duration_ms": 3728,
      "status": "ok",
      "buys": 0,
      "sells": 0,
      "trades": 0,
      "fees": 0.0,
      "positions": 3,
      "equity": 20158.847151883398,
      "cash": 10285.466577220155,
      "note": ""
    },
    {
      "ts": 1772316947,
      "duration_ms": 3628,
      "status": "ok",
      "buys": 0,
      "sells": 0,
      "trades": 0,
      "fees": 0.0,
      "positions": 3,
      "equity": 20146.985042901066,
      "cash": 10285.466577220155,
      "note": ""
    },
    {
      "ts": 1772316632,
      "duration_ms": 3332,
      "status": "ok",
      "buys": 0,
      "sells": 0,
      "trades": 0,
      "fees": 0.0,
      "positions": 3,
      "equity": 20144.204733288854,
      "cash": 10285.466577220155,
      "note": ""
    },
    {
      "ts": 1772316317,
      "duration_ms": 3624,
      "status": "ok",
      "buys": 0,
      "sells": 0,
      "trades": 0,
      "fees": 0.0,
      "positions": 3,
      "equity": 20152.005213572324,
      "cash": 10285.466577220155,
      "note": ""
    },
    {
      "ts": 1772316009,
      "duration_ms": 3920,
      "status": "ok",
      "buys": 0,
      "sells": 0,
      "trades": 0,
      "fees": 0.0,
      "positions": 3,
      "equity": 20131.179808095396,
      "cash": 10285.466577220155,
      "note": ""
    },
    {
      "ts": 1772315707,
      "duration_ms": 3216,
      "status": "ok",
      "buys": 0,
      "sells": 0,
      "trades": 0,
      "fees": 0.0,
      "positions": 3,
      "equity": 20109.851919638637,
      "cash": 10285.466577220155,
      "note": ""
    },
    {
      "ts": 1772315392,
      "duration_ms": 2731,
      "status": "ok",
      "buys": 0,
      "sells": 0,
      "trades": 0,
      "fees": 0.0,
      "positions": 3,
      "equity": 20131.685713134742,
      "cash": 10285.466577220155,
      "note": ""
    },
    {
      "ts": 1772315080,
      "duration_ms": 3256,
      "status": "ok",
      "buys": 0,
      "sells": 0,
      "trades": 0,
      "fees": 0.0,
      "positions": 3,
      "equity": 20137.870278059258,
      "cash": 10285.466577220155,
      "note": ""
    },
    {
      "ts": 1772314764,
      "duration_ms": 3427,
      "status": "ok",
      "buys": 0,
      "sells": 0,
      "trades": 0,
      "fees": 0.0,
      "positions": 3,
      "equity": 20129.0182122471,
      "cash": 10285.466577220155,
      "note": ""
    },
    {
      "ts": 1772314449,
      "duration_ms": 4639,
      "status": "ok",
      "buys": 0,
      "sells": 0,
      "trades": 0,
      "fees": 0.0,
      "positions": 3,
      "equity": 20092.359462186017,
      "cash": 10285.466577220155,
      "note": ""
    },
    {
      "ts": 1772314132,
      "duration_ms": 3302,
      "status": "ok",
      "buys": 2,
      "sells": 0,
      "trades": 2,
      "fees": 5.7878256591157164,
      "positions": 3,
      "equity": 20090.189948100742,
      "cash": 10285.466577220155,
      "note": ""
    },
    {
      "ts": 1772313820,
      "duration_ms": 3478,
      "status": "ok",
      "buys": 1,
      "sells": 0,
      "trades": 1,
      "fees": 4.020775209301072,
      "positions": 1,
      "equity": 20099.85527129606,
      "cash": 16079.080061994988,
      "note": ""
    },
    {
      "ts": 1772313503,
      "duration_ms": 3202,
      "status": "ok",
      "buys": 0,
      "sells": 0,
      "trades": 0,
      "fees": 0.0,
      "positions": 0,
      "equity": 20103.87604650536,
      "cash": 20103.87604650536,
      "note": ""
    },
    {
      "ts": 1772313189,
      "duration_ms": 3735,
      "status": "ok",
      "buys": 0,
      "sells": 0,
      "trades": 0,
      "fees": 0.0,
      "positions": 0,
      "equity": 20103.87604650536,
      "cash": 20103.87604650536,
      "note": ""
    },
    {
      "ts": 1772312872,
      "duration_ms": 3077,
      "status": "ok",
      "buys": 0,
      "sells": 0,
      "trades": 0,
      "fees": 0.0,
      "positions": 0,
      "equity": 20103.87604650536,
      "cash": 20103.87604650536,
      "note": ""
    },
    {
      "ts": 1772312559,
      "duration_ms": 3282,
      "status": "ok",
      "buys": 0,
      "sells": 0,
      "trades": 0,
      "fees": 0.0,
      "positions": 0,
      "equity": 20103.87604650536,
      "cash": 20103.87604650536,
      "note": ""
    },
    {
      "ts": 1772312242,
      "duration_ms": 2766,
      "status": "ok",
      "buys": 0,
      "sells": 0,
      "trades": 0,
      "fees": 0.0,
      "positions": 0,
      "equity": 20103.87604650536,
      "cash": 20103.87604650536,
      "note": ""
    },
    {
      "ts": 1772311942,
      "duration_ms": 3063,
      "status": "ok",
      "buys": 0,
      "sells": 0,
      "trades": 0,
      "fees": 0.0,
      "positions": 0,
      "equity": 20103.87604650536,
      "cash": 20103.87604650536,
      "note": ""
    },
    {
      "ts": 1772311633,
      "duration_ms": 2913,
      "status": "ok",
      "buys": 0,
      "sells": 0,
      "trades": 0,
      "fees": 0.0,
      "positions": 0,
      "equity": 20103.87604650536,
      "cash": 20103.87604650536,
      "note": ""
    },
    {
      "ts": 1772311328,
      "duration_ms": 3843,
      "status": "ok",
      "buys": 0,
      "sells": 0,
      "trades": 0,
      "fees": 0.0,
      "positions": 0,
      "equity": 20103.87604650536,
      "cash": 20103.87604650536,
      "note": ""
    },
    {
      "ts": 1772311022,
      "duration_ms": 2876,
      "status": "ok",
      "buys": 0,
      "sells": 0,
      "trades": 0,
      "fees": 0.0,
      "positions": 0,
      "equity": 20103.87604650536,
      "cash": 20103.87604650536,
      "note": ""
    },
    {
      "ts": 1772310712,
      "duration_ms": 2903,
      "status": "ok",
      "buys": 0,
      "sells": 0,
      "trades": 0,
      "fees": 0.0,
      "positions": 0,
      "equity": 20103.87604650536,
      "cash": 20103.87604650536,
      "note": ""
    },
    {
      "ts": 1772310412,
      "duration_ms": 3090,
      "status": "ok",
      "buys": 0,
      "sells": 2,
      "trades": 2,
      "fees": 7.282679533637147,
      "positions": 0,
      "equity": 20103.87604650536,
      "cash": 20103.87604650536,
      "note": ""
    },
    {
      "ts": 1772310103,
      "duration_ms": 3042,
      "status": "ok",
      "buys": 0,
      "sells": 1,
      "trades": 1,
      "fees": 2.5819786582634383,
      "positions": 2,
      "equity": 20085.794389322782,
      "cash": 12828.47919240185,
      "note": ""
    },
    {
      "ts": 1772309788,
      "duration_ms": 3171,
      "status": "ok",
      "buys": 0,
      "sells": 0,
      "trades": 0,
      "fees": 0.0,
      "positions": 3,
      "equity": 20046.742051852867,
      "cash": 10249.082512796675,
      "note": ""
    },
    {
      "ts": 1772309472,
      "duration_ms": 2874,
      "status": "ok",
      "buys": 0,
      "sells": 0,
      "trades": 0,
      "fees": 0.0,
      "positions": 3,
      "equity": 20022.266794469415,
      "cash": 10249.082512796675,
      "note": ""
    },
    {
      "ts": 1772309152,
      "duration_ms": 2780,
      "status": "ok",
      "buys": 0,
      "sells": 0,
      "trades": 0,
      "fees": 0.0,
      "positions": 3,
      "equity": 19985.866449036977,
      "cash": 10249.082512796675,
      "note": ""
    },
    {
      "ts": 1772308851,
      "duration_ms": 2764,
      "status": "ok",
      "buys": 0,
      "sells": 0,
      "trades": 0,
      "fees": 0.0,
      "positions": 3,
      "equity": 19984.930479071532,
      "cash": 10249.082512796675,
      "note": ""
    },
    {
      "ts": 1772308551,
      "duration_ms": 3048,
      "status": "ok",
      "buys": 1,
      "sells": 0,
      "trades": 1,
      "fees": 2.5629113560381787,
      "positions": 3,
      "equity": 20005.909985112194,
      "cash": 10249.082512796675,
      "note": ""
    },
    {
      "ts": 1772308242,
      "duration_ms": 3005,
      "status": "ok",
      "buys": 0,
      "sells": 0,
      "trades": 0,
      "fees": 0.0,
      "positions": 2,
      "equity": 20022.497719597824,
      "cash": 12814.556780190891,
      "note": ""
    },
    {
      "ts": 1772307942,
      "duration_ms": 3011,
      "status": "ok",
      "buys": 1,
      "sells": 0,
      "trades": 1,
      "fees": 3.2044403051240042,
      "positions": 2,
      "equity": 20010.034866508257,
      "cash": 12814.556780190891,
      "note": ""
    },
    {
      "ts": 1772307622,
      "duration_ms": 2866,
      "status": "ok",
      "buys": 1,
      "sells": 0,
      "trades": 1,
      "fees": 4.006552019409857,
      "positions": 1,
      "equity": 20028.753545029875,
      "cash": 16022.20152562002,
      "note": ""
    },
    {
      "ts": 1772307311,
      "duration_ms": 2614,
      "status": "ok",
      "buys": 0,
      "sells": 0,
      "trades": 0,
      "fees": 0.0,
      "positions": 0,
      "equity": 20032.760097049286,
      "cash": 20032.760097049286,
      "note": ""
    },
    {
      "ts": 1772306992,
      "duration_ms": 3069,
      "status": "ok",
      "buys": 0,
      "sells": 0,
      "trades": 0,
      "fees": 0.0,
      "positions": 0,
      "equity": 20032.760097049286,
      "cash": 20032.760097049286,
      "note": ""
    },
    {
      "ts": 1772306692,
      "duration_ms": 2874,
      "status": "ok",
      "buys": 0,
      "sells": 0,
      "trades": 0,
      "fees": 0.0,
      "positions": 0,
      "equity": 20032.760097049286,
      "cash": 20032.760097049286,
      "note": ""
    },
    {
      "ts": 1772306390,
      "duration_ms": 2845,
      "status": "ok",
      "buys": 0,
      "sells": 0,
      "trades": 0,
      "fees": 0.0,
      "positions": 0,
      "equity": 20032.760097049286,
      "cash": 20032.760097049286,
      "note": ""
    },
    {
      "ts": 1772306082,
      "duration_ms": 2892,
      "status": "ok",
      "buys": 0,
      "sells": 0,
      "trades": 0,
      "fees": 0.0,
      "positions": 0,
      "equity": 20032.760097049286,
      "cash": 20032.760097049286,
      "note": ""
    },
    {
      "ts": 1772305781,
      "duration_ms": 3184,
      "status": "ok",
      "buys": 0,
      "sells": 0,
      "trades": 0,
      "fees": 0.0,
      "positions": 0,
      "equity": 20032.760097049286,
      "cash": 20032.760097049286,
      "note": ""
    },
    {
      "ts": 1772305465,
      "duration_ms": 3362,
      "status": "ok",
      "buys": 0,
      "sells": 0,
      "trades": 0,
      "fees": 0.0,
      "positions": 0,
      "equity": 20032.760097049286,
      "cash": 20032.760097049286,
      "note": ""
    },
    {
      "ts": 1772305150,
      "duration_ms": 2980,
      "status": "ok",
      "buys": 0,
      "sells": 0,
      "trades": 0,
      "fees": 0.0,
      "positions": 0,
      "equity": 20032.760097049286,
      "cash": 20032.760097049286,
      "note": ""
    },
    {
      "ts": 1772304832,
      "duration_ms": 3183,
      "status": "ok",
      "buys": 0,
      "sells": 1,
      "trades": 1,
      "fees": 3.2515369400153973,
      "positions": 0,
      "equity": 20032.760097049286,
      "cash": 20032.760097049286,
      "note": ""
    },
    {
      "ts": 1772304521,
      "duration_ms": 2964,
      "status": "ok",
      "buys": 0,
      "sells": 0,
      "trades": 0,
      "fees": 0.0,
      "positions": 1,
      "equity": 20028.59834529792,
      "cash": 16784.474693973905,
      "note": ""
    },
    {
      "ts": 1772304205,
      "duration_ms": 4099,
      "status": "ok",
      "buys": 0,
      "sells": 0,
      "trades": 0,
      "fees": 0.0,
      "positions": 1,
      "equity": 20024.886023864932,
      "cash": 16784.474693973905,
      "note": ""
    },
    {
      "ts": 1772303889,
      "duration_ms": 4216,
      "status": "ok",
      "buys": 0,
      "sells": 2,
      "trades": 2,
      "fees": 6.619127373669888,
      "positions": 1,
      "equity": 20029.095954341064,
      "cash": 16784.474693973905,
      "note": ""
    },
    {
      "ts": 1772303574,
      "duration_ms": 3132,
      "status": "ok",
      "buys": 0,
      "sells": 0,
      "trades": 0,
      "fees": 0.0,
      "positions": 3,
      "equity": 19966.121924227118,
      "cash": 10171.966447677689,
      "note": ""
    },
    {
      "ts": 1772303272,
      "duration_ms": 3218,
      "status": "ok",
      "buys": 0,
      "sells": 0,
      "trades": 0,
      "fees": 0.0,
      "positions": 3,
      "equity": 19928.799242079745,
      "cash": 10171.966447677689,
      "note": ""
    },
    {
      "ts": 1772302968,
      "duration_ms": 3398,
      "status": "ok",
      "buys": 0,
      "sells": 0,
      "trades": 0,
      "fees": 0.0,
      "positions": 3,
      "equity": 19922.985073066702,
      "cash": 10171.966447677689,
      "note": ""
    },
    {
      "ts": 1772302652,
      "duration_ms": 3024,
      "status": "ok",
      "buys": 0,
      "sells": 0,
      "trades": 0,
      "fees": 0.0,
      "positions": 3,
      "equity": 19930.786782088362,
      "cash": 10171.966447677689,
      "note": ""
    },
    {
      "ts": 1772302338,
      "duration_ms": 3561,
      "status": "ok",
      "buys": 0,
      "sells": 0,
      "trades": 0,
      "fees": 0.0,
      "positions": 3,
      "equity": 19936.15424961588,
      "cash": 10171.966447677689,
      "note": ""
    },
    {
      "ts": 1772302032,
      "duration_ms": 2969,
      "status": "ok",
      "buys": 0,
      "sells": 0,
      "trades": 0,
      "fees": 0.0,
      "positions": 3,
      "equity": 19949.470286099033,
      "cash": 10171.966447677689,
      "note": ""
    },
    {
      "ts": 1772301730,
      "duration_ms": 3588,
      "status": "ok",
      "buys": 0,
      "sells": 0,
      "trades": 0,
      "fees": 0.0,
      "positions": 3,
      "equity": 19937.077802618976,
      "cash": 10171.966447677689,
      "note": ""
    },
    {
      "ts": 1772301413,
      "duration_ms": 3215,
      "status": "ok",
      "buys": 0,
      "sells": 0,
      "trades": 0,
      "fees": 0.0,
      "positions": 3,
      "equity": 19914.369231902092,
      "cash": 10171.966447677689,
      "note": ""
    },
    {
      "ts": 1772301112,
      "duration_ms": 3147,
      "status": "ok",
      "buys": 0,
      "sells": 0,
      "trades": 0,
      "fees": 0.0,
      "positions": 3,
      "equity": 19918.41713065714,
      "cash": 10171.966447677689,
      "note": ""
    },
    {
      "ts": 1772300807,
      "duration_ms": 3651,
      "status": "ok",
      "buys": 0,
      "sells": 0,
      "trades": 0,
      "fees": 0.0,
      "positions": 3,
      "equity": 19877.595483814,
      "cash": 10171.966447677689,
      "note": ""
    },
    {
      "ts": 1772300491,
      "duration_ms": 2823,
      "status": "ok",
      "buys": 0,
      "sells": 0,
      "trades": 0,
      "fees": 0.0,
      "positions": 3,
      "equity": 19894.627189904535,
      "cash": 10171.966447677689,
      "note": ""
    },
    {
      "ts": 1772300169,
      "duration_ms": 3654,
      "status": "ok",
      "buys": 0,
      "sells": 0,
      "trades": 0,
      "fees": 0.0,
      "positions": 3,
      "equity": 19905.505644272813,
      "cash": 10171.966447677689,
      "note": ""
    },
    {
      "ts": 1772299862,
      "duration_ms": 3648,
      "status": "ok",
      "buys": 0,
      "sells": 0,
      "trades": 0,
      "fees": 0.0,
      "positions": 3,
      "equity": 19919.763722945485,
      "cash": 10171.966447677689,
      "note": ""
    },
    {
      "ts": 1772299552,
      "duration_ms": 3222,
      "status": "ok",
      "buys": 0,
      "sells": 0,
      "trades": 0,
      "fees": 0.0,
      "positions": 3,
      "equity": 19914.293188103526,
      "cash": 10171.966447677689,
      "note": ""
    },
    {
      "ts": 1772299251,
      "duration_ms": 2941,
      "status": "ok",
      "buys": 0,
      "sells": 0,
      "trades": 0,
      "fees": 0.0,
      "positions": 3,
      "equity": 19886.712987384675,
      "cash": 10171.966447677689,
      "note": ""
    },
    {
      "ts": 1772298936,
      "duration_ms": 3232,
      "status": "ok",
      "buys": 0,
      "sells": 0,
      "trades": 0,
      "fees": 0.0,
      "positions": 3,
      "equity": 19904.2612120926,
      "cash": 10171.966447677689,
      "note": ""
    },
    {
      "ts": 1772298622,
      "duration_ms": 3177,
      "status": "ok",
      "buys": 0,
      "sells": 0,
      "trades": 0,
      "fees": 0.0,
      "positions": 3,
      "equity": 19900.073533283547,
      "cash": 10171.966447677689,
      "note": ""
    },
    {
      "ts": 1772298312,
      "duration_ms": 3108,
      "status": "ok",
      "buys": 0,
      "sells": 0,
      "trades": 0,
      "fees": 0.0,
      "positions": 3,
      "equity": 19906.22543392872,
      "cash": 10171.966447677689,
      "note": ""
    },
    {
      "ts": 1772298010,
      "duration_ms": 4302,
      "status": "ok",
      "buys": 0,
      "sells": 0,
      "trades": 0,
      "fees": 0.0,
      "positions": 3,
      "equity": 19912.112417826393,
      "cash": 10171.966447677689,
      "note": ""
    },
    {
      "ts": 1772297692,
      "duration_ms": 3159,
      "status": "ok",
      "buys": 0,
      "sells": 0,
      "trades": 0,
      "fees": 0.0,
      "positions": 3,
      "equity": 19908.241819825715,
      "cash": 10171.966447677689,
      "note": ""
    },
    {
      "ts": 1772297382,
      "duration_ms": 2830,
      "status": "ok",
      "buys": 0,
      "sells": 0,
      "trades": 0,
      "fees": 0.0,
      "positions": 3,
      "equity": 19908.038242352108,
      "cash": 10171.966447677689,
      "note": ""
    },
    {
      "ts": 1772297070,
      "duration_ms": 3132,
      "status": "ok",
      "buys": 0,
      "sells": 0,
      "trades": 0,
      "fees": 0.0,
      "positions": 3,
      "equity": 19929.67972542085,
      "cash": 10171.966447677689,
      "note": ""
    },
    {
      "ts": 1772296754,
      "duration_ms": 3777,
      "status": "ok",
      "buys": 0,
      "sells": 0,
      "trades": 0,
      "fees": 0.0,
      "positions": 3,
      "equity": 19879.333948562773,
      "cash": 10171.966447677689,
      "note": ""
    },
    {
      "ts": 1772296433,
      "duration_ms": 3350,
      "status": "ok",
      "buys": 0,
      "sells": 0,
      "trades": 0,
      "fees": 0.0,
      "positions": 3,
      "equity": 19897.536075696604,
      "cash": 10171.966447677689,
      "note": ""
    },
    {
      "ts": 1772296122,
      "duration_ms": 3134,
      "status": "ok",
      "buys": 0,
      "sells": 0,
      "trades": 0,
      "fees": 0.0,
      "positions": 3,
      "equity": 19900.24815548772,
      "cash": 10171.966447677689,
      "note": ""
    },
    {
      "ts": 1772295809,
      "duration_ms": 3379,
      "status": "ok",
      "buys": 0,
      "sells": 0,
      "trades": 0,
      "fees": 0.0,
      "positions": 3,
      "equity": 19891.20513252377,
      "cash": 10171.966447677689,
      "note": ""
    },
    {
      "ts": 1772295488,
      "duration_ms": 3929,
      "status": "ok",
      "buys": 0,
      "sells": 0,
      "trades": 0,
      "fees": 0.0,
      "positions": 3,
      "equity": 19869.474931238652,
      "cash": 10171.966447677689,
      "note": ""
    },
    {
      "ts": 1772295172,
      "duration_ms": 3189,
      "status": "ok",
      "buys": 0,
      "sells": 0,
      "trades": 0,
      "fees": 0.0,
      "positions": 3,
      "equity": 19887.988261175833,
      "cash": 10171.966447677689,
      "note": ""
    },
    {
      "ts": 1772294863,
      "duration_ms": 3219,
      "status": "ok",
      "buys": 0,
      "sells": 0,
      "trades": 0,
      "fees": 0.0,
      "positions": 3,
      "equity": 19872.959608600642,
      "cash": 10171.966447677689,
      "note": ""
    },
    {
      "ts": 1772294549,
      "duration_ms": 3808,
      "status": "ok",
      "buys": 0,
      "sells": 0,
      "trades": 0,
      "fees": 0.0,
      "positions": 3,
      "equity": 19872.90426872668,
      "cash": 10171.966447677689,
      "note": ""
    },
    {
      "ts": 1772294233,
      "duration_ms": 3358,
      "status": "ok",
      "buys": 0,
      "sells": 0,
      "trades": 0,
      "fees": 0.0,
      "positions": 3,
      "equity": 19889.339805720032,
      "cash": 10171.966447677689,
      "note": ""
    },
    {
      "ts": 1772293912,
      "duration_ms": 3176,
      "status": "ok",
      "buys": 0,
      "sells": 0,
      "trades": 0,
      "fees": 0.0,
      "positions": 3,
      "equity": 19873.20369923722,
      "cash": 10171.966447677689,
      "note": ""
    },
    {
      "ts": 1772293602,
      "duration_ms": 2965,
      "status": "ok",
      "buys": 0,
      "sells": 0,
      "trades": 0,
      "fees": 0.0,
      "positions": 3,
      "equity": 19875.691893307652,
      "cash": 10171.966447677689,
      "note": ""
    },
    {
      "ts": 1772293282,
      "duration_ms": 3341,
      "status": "ok",
      "buys": 1,
      "sells": 0,
      "trades": 1,
      "fees": 2.5436275187991217,
      "positions": 3,
      "equity": 19877.297202751393,
      "cash": 10171.966447677689,
      "note": ""
    },
    {
      "ts": 1772292972,
      "duration_ms": 2977,
      "status": "ok",
      "buys": 0,
      "sells": 0,
      "trades": 0,
      "fees": 0.0,
      "positions": 2,
      "equity": 19899.810433337447,
      "cash": 12718.137593995609,
      "note": ""
    },
    {
      "ts": 1772292673,
      "duration_ms": 3494,
      "status": "ok",
      "buys": 0,
      "sells": 0,
      "trades": 0,
      "fees": 0.0,
      "positions": 2,
      "equity": 19866.84107095622,
      "cash": 12718.137593995609,
      "note": ""
    },
    {
      "ts": 1772292372,
      "duration_ms": 3091,
      "status": "ok",
      "buys": 0,
      "sells": 0,
      "trades": 0,
      "fees": 0.0,
      "positions": 2,
      "equity": 19846.259823440094,
      "cash": 12718.137593995609,
      "note": ""
    },
    {
      "ts": 1772292072,
      "duration_ms": 2861,
      "status": "ok",
      "buys": 0,
      "sells": 0,
      "trades": 0,
      "fees": 0.0,
      "positions": 2,
      "equity": 19824.590643872125,
      "cash": 12718.137593995609,
      "note": ""
    },
    {
      "ts": 1772291758,
      "duration_ms": 4193,
      "status": "ok",
      "buys": 0,
      "sells": 0,
      "trades": 0,
      "fees": 0.0,
      "positions": 2,
      "equity": 19814.956967627928,
      "cash": 12718.137593995609,
      "note": ""
    },
    {
      "ts": 1772291453,
      "duration_ms": 3304,
      "status": "ok",
      "buys": 0,
      "sells": 0,
      "trades": 0,
      "fees": 0.0,
      "positions": 2,
      "equity": 19833.059904654525,
      "cash": 12718.137593995609,
      "note": ""
    },
    {
      "ts": 1772291144,
      "duration_ms": 3322,
      "status": "ok",
      "buys": 0,
      "sells": 0,
      "trades": 0,
      "fees": 0.0,
      "positions": 2,
      "equity": 19847.95742530175,
      "cash": 12718.137593995609,
      "note": ""
    },
    {
      "ts": 1772290829,
      "duration_ms": 3233,
      "status": "ok",
      "buys": 0,
      "sells": 0,
      "trades": 0,
      "fees": 0.0,
      "positions": 2,
      "equity": 19839.123078287394,
      "cash": 12718.137593995609,
      "note": ""
    },
    {
      "ts": 1772290514,
      "duration_ms": 3331,
      "status": "ok",
      "buys": 1,
      "sells": 0,
      "trades": 1,
      "fees": 3.1803294808691196,
      "positions": 2,
      "equity": 19835.162895253532,
      "cash": 12718.137593995609,
      "note": ""
    },
    {
      "ts": 1772290210,
      "duration_ms": 4079,
      "status": "ok",
      "buys": 0,
      "sells": 0,
      "trades": 0,
      "fees": 0.0,
      "positions": 1,
      "equity": 19862.365403464046,
      "cash": 15901.647404345596,
      "note": ""
    },
    {
      "ts": 1772289904,
      "duration_ms": 3833,
      "status": "ok",
      "buys": 1,
      "sells": 0,
      "trades": 1,
      "fees": 3.976405952574543,
      "positions": 1,
      "equity": 19878.05335692014,
      "cash": 15901.647404345596,
      "note": ""
    },
    {
      "ts": 1772289592,
      "duration_ms": 3090,
      "status": "ok",
      "buys": 0,
      "sells": 1,
      "trades": 1,
      "fees": 3.996412644288124,
      "positions": 0,
      "equity": 19882.029762872713,
      "cash": 19882.029762872713,
      "note": ""
    },
    {
      "ts": 1772289280,
      "duration_ms": 3009,
      "status": "ok",
      "buys": 0,
      "sells": 0,
      "trades": 0,
      "fees": 0.0,
      "positions": 1,
      "equity": 19866.549561834516,
      "cash": 15889.613531228879,
      "note": ""
    },
    {
      "ts": 1772288969,
      "duration_ms": 5836,
      "status": "ok",
      "buys": 0,
      "sells": 0,
      "trades": 0,
      "fees": 0.0,
      "positions": 1,
      "equity": 19870.654310524587,
      "cash": 15889.613531228879,
      "note": ""
    },
    {
      "ts": 1772288649,
      "duration_ms": 3588,
      "status": "ok",
      "buys": 0,
      "sells": 0,
      "trades": 0,
      "fees": 0.0,
      "positions": 1,
      "equity": 19861.334855590496,
      "cash": 15889.613531228879,
      "note": ""
    },
    {
      "ts": 1772288332,
      "duration_ms": 3278,
      "status": "ok",
      "buys": 0,
      "sells": 0,
      "trades": 0,
      "fees": 0.0,
      "positions": 1,
      "equity": 19862.696124288734,
      "cash": 15889.613531228879,
      "note": ""
    },
    {
      "ts": 1772288019,
      "duration_ms": 3282,
      "status": "ok",
      "buys": 0,
      "sells": 0,
      "trades": 0,
      "fees": 0.0,
      "positions": 1,
      "equity": 19865.062637564133,
      "cash": 15889.613531228879,
      "note": ""
    },
    {
      "ts": 1772287704,
      "duration_ms": 3160,
      "status": "ok",
      "buys": 0,
      "sells": 0,
      "trades": 0,
      "fees": 0.0,
      "positions": 1,
      "equity": 19864.245876345187,
      "cash": 15889.613531228879,
      "note": ""
    },
    {
      "ts": 1772287389,
      "duration_ms": 3359,
      "status": "ok",
      "buys": 1,
      "sells": 0,
      "trades": 1,
      "fees": 3.9733967319902175,
      "positions": 1,
      "equity": 19863.010263219097,
      "cash": 15889.613531228879,
      "note": ""
    },
    {
      "ts": 1772287072,
      "duration_ms": 3200,
      "status": "ok",
      "buys": 0,
      "sells": 0,
      "trades": 0,
      "fees": 0.0,
      "positions": 0,
      "equity": 19866.983659951085,
      "cash": 19866.983659951085,
